ts_recv,ts_event,rtype,publisher_id,instrument_id,action,side,depth,price,size,flags,ts_in_delta,sequence
1704292200000111298,1704292199999765875,0,1,17077,T,B,0,4764250000000,21,0,15566,8558250
1704292200000708113,1704292200000240389,0,1,17077,T,A,0,4764250000000,1,0,15491,8558270
1704292200000817974,1704292200000488447,0,1,17077,T,A,0,4764250000000,2,0,20079,8558271
1704292200000900225,1704292200000501107,0,1,17077,T,A,0,4764250000000,1,0,18301,8558272
1704292200000900225,1704292200000523589,0,1,17077,T,A,0,4764250000000,1,0,18301,8558272
1704292200001004685,1704292200000821159,0,1,17077,T,A,0,4764250000000,2,0,15852,8558274
1704292200002329240,1704292200001908827,0,1,17077,T,B,0,4764500000000,53,0,17697,8558285
1704292200002798971,1704292200002344603,0,1,17077,T,A,0,4764500000000,6,0,16758,8558307
1704292200002861242,1704292200002352987,0,1,17077,T,A,0,4764500000000,2,0,19251,8558308
1704292200003035936,1704292200002423091,0,1,17077,T,A,0,4764500000000,5,0,19551,8558309
1704292200003218562,1704292200002607023,0,1,17077,T,B,0,4764750000000,3,0,20331,8558311
1704292200003218562,1704292200002607841,0,1,17077,T,A,0,4764500000000,1,0,20331,8558311
1704292200003281182,1704292200002806391,0,1,17077,T,A,0,4764500000000,1,0,15836,8558312
1704292200003281182,1704292200002826865,0,1,17077,T,A,0,4764500000000,1,0,15836,8558312
1704292200003281182,1704292200002863773,0,1,17077,T,A,0,4764500000000,2,0,15836,8558312
1704292200003434501,1704292200002877381,0,1,17077,T,B,0,4764750000000,15,0,18041,8558313
1704292200003505201,1704292200003042163,0,1,17077,T,A,0,4764500000000,2,0,16047,8558314
1704292200003872012,1704292200003692041,0,1,17077,T,A,0,4764500000000,2,0,15533,8558337
1704292200004019289,1704292200003714089,0,1,17077,T,B,0,4764750000000,6,0,15338,8558339
1704292200004079432,1704292200003719381,0,1,17077,T,A,0,4764500000000,1,0,18023,8558340
1704292200004079432,1704292200003802465,0,1,17077,T,A,0,4764500000000,1,0,18023,8558340
1704292200004189739,1704292200004002781,0,1,17077,T,A,0,4764500000000,1,0,15450,8558343
1704292200004847885,1704292200004449449,0,1,17077,T,B,0,4764750000000,46,0,17974,8558349
1704292200005015959,1704292200004466583,0,1,17077,T,B,0,4764750000000,1,0,19823,8558350
1704292200005273139,1704292200004871235,0,1,17077,T,A,0,4764750000000,1,0,16940,8558358
1704292200005360873,1704292200004958293,0,1,17077,T,A,0,4764750000000,1,0,18542,8558360
1704292200005521287,1704292200005054285,0,1,17077,T,B,0,4764750000000,1,0,20207,8558362
1704292200005521287,1704292200005064301,0,1,17077,T,B,0,4764750000000,1,0,20207,8558362
1704292200005773752,1704292200005396649,0,1,17077,T,A,0,4764500000000,1,0,17215,8558368
1704292200005896889,1704292200005560613,0,1,17077,T,B,0,4764750000000,2,0,18682,8558369
1704292200005974885,1704292200005674755,0,1,17077,T,B,0,4764750000000,6,0,15052,8558370
1704292200006040609,1704292200005776985,0,1,17077,T,A,0,4764750000000,1,0,17353,8558371
1704292200006040609,1704292200005777167,0,1,17077,T,A,0,4764750000000,1,0,17353,8558371
1704292200006166951,1704292200005984287,0,1,17077,T,B,0,4764750000000,1,0,16012,8558374
1704292200006288091,1704292200006105545,0,1,17077,T,B,0,4764750000000,1,0,15397,8558378
1704292200007052147,1704292200006894323,0,1,17077,T,A,0,4764500000000,1,0,15197,8558386
1704292200007430923,1704292200007263201,0,1,17077,T,A,0,4764500000000,2,0,15442,8558391
1704292200007876267,1704292200007687949,0,1,17077,T,A,0,4764500000000,1,0,15530,8558404
1704292200010313819,1704292200010145541,0,1,17077,T,B,0,4764750000000,1,0,15173,8558415
1704292200012408306,1704292200012208687,0,1,17077,T,A,0,4764500000000,8,0,15629,8558425
1704292200012441652,1704292200012257377,0,1,17077,T,A,0,4764500000000,2,0,15266,8558426
1704292200012761002,1704292200012511235,0,1,17077,T,A,0,4764500000000,5,0,15475,8558434
1704292200013407654,1704292200013197897,0,1,17077,T,A,0,4764500000000,14,0,15857,8558454
1704292200013544794,1704292200013333391,0,1,17077,T,A,0,4764500000000,5,0,15809,8558457
1704292200014624241,1704292200014453193,0,1,17077,T,A,0,4764500000000,1,0,15461,8558477
1704292200014794634,1704292200014620991,0,1,17077,T,A,0,4764500000000,1,0,15389,8558479
1704292200017757989,1704292200017410179,0,1,17077,T,A,0,4764500000000,13,0,16686,8558510
1704292200018017750,1704292200017747363,0,1,17077,T,A,0,4764250000000,9,0,16887,8558516
1704292200018839510,1704292200018569021,0,1,17077,T,B,0,4764500000000,12,0,16001,8558557
1704292200019325424,1704292200019164417,0,1,17077,T,A,0,4764250000000,1,0,15423,8558565
1704292200023053167,1704292200022847061,0,1,17077,T,B,0,4764500000000,8,0,16693,8558578
1704292200023595501,1704292200023421035,0,1,17077,T,A,0,4764250000000,1,0,15304,8558583
1704292200023830328,1704292200023618831,0,1,17077,T,B,0,4764500000000,3,0,15598,8558586
1704292200024029557,1704292200023851267,0,1,17077,T,B,0,4764500000000,1,0,15347,8558589
1704292200024860732,1704292200024625553,0,1,17077,T,B,0,4764500000000,15,0,16064,8558592
1704292200026057793,1704292200025898351,0,1,17077,T,B,0,4764500000000,1,0,15335,8558599
1704292200026298733,1704292200026127197,0,1,17077,T,A,0,4764250000000,2,0,15176,8558602
1704292200027952422,1704292200027780273,0,1,17077,T,B,0,4764500000000,1,0,15593,8558607
1704292200028102791,1704292200027937307,0,1,17077,T,B,0,4764500000000,1,0,15929,8558610
1704292200028199997,1704292200027954061,0,1,17077,T,B,0,4764500000000,16,0,16358,8558612
1704292200028284981,1704292200027954253,0,1,17077,T,B,0,4764500000000,1,0,16897,8558613
1704292200028284981,1704292200027954439,0,1,17077,T,B,0,4764500000000,2,0,16897,8558613
1704292200028362122,1704292200027954623,0,1,17077,T,B,0,4764500000000,3,0,16090,8558614
1704292200028441433,1704292200028150403,0,1,17077,T,B,0,4764750000000,1,0,13815,8558616
1704292200029711154,1704292200029174705,0,1,17077,T,B,0,4764750000000,70,0,18948,8558647
1704292200029711154,1704292200029174705,0,1,17077,T,B,0,4765000000000,10,0,18948,8558647
1704292200029811003,1704292200029174705,0,1,17077,T,B,0,4765000000000,1,0,16750,8558648
1704292200029816070,1704292200029174705,0,1,17077,T,B,0,4765000000000,1,0,12848,8558649
1704292200030449927,1704292200029833019,0,1,17077,T,A,0,4764750000000,1,0,16499,8558672
1704292200030569174,1704292200029933745,0,1,17077,T,B,0,4764750000000,1,0,16592,8558674
1704292200030739629,1704292200029937899,0,1,17077,T,B,0,4764750000000,1,0,20032,8558675
1704292200030739629,1704292200029991761,0,1,17077,T,B,0,4764750000000,1,0,20032,8558675
1704292200030739629,1704292200030053367,0,1,17077,T,B,0,4764750000000,4,0,20032,8558675
1704292200030801952,1704292200030430997,0,1,17077,T,A,0,4764750000000,2,0,13968,8558677
1704292200030880399,1704292200030609453,0,1,17077,T,A,0,4764750000000,2,0,19393,8558678
1704292200031062020,1704292200030883015,0,1,17077,T,A,0,4764750000000,1,0,15490,8558690
1704292200031923387,1704292200031781899,0,1,17077,T,A,0,4764750000000,1,0,17327,8558703
1704292200035409877,1704292200035274947,0,1,17077,T,A,0,4764750000000,1,0,13746,8558738
1704292200037990048,1704292200037810087,0,1,17077,T,A,0,4764750000000,3,0,15385,8558751
1704292200038257862,1704292200037849579,0,1,17077,T,A,0,4764750000000,29,0,17778,8558753
1704292200038257862,1704292200037849579,0,1,17077,T,A,0,4764500000000,75,0,17778,8558753
1704292200038897724,1704292200038329885,0,1,17077,T,B,0,4764750000000,1,0,15303,8558783
1704292200039353089,1704292200039154255,0,1,17077,T,A,0,4764500000000,1,0,15730,8558796
1704292200040259316,1704292200039828567,0,1,17077,T,B,0,4764750000000,51,0,17382,8558804
1704292200040259316,1704292200039828567,0,1,17077,T,B,0,4765000000000,19,0,17382,8558804
1704292200040542034,1704292200039889417,0,1,17077,T,B,0,4765000000000,10,0,16197,8558808
1704292200040686286,1704292200040244939,0,1,17077,T,B,0,4764750000000,1,0,16251,8558811
1704292200040727710,1704292200040264285,0,1,17077,T,B,0,4764750000000,1,0,15384,8558812
1704292200040812070,1704292200040269949,0,1,17077,T,B,0,4764750000000,3,0,17388,8558813
1704292200040812070,1704292200040270647,0,1,17077,T,B,0,4764750000000,6,0,17388,8558813
1704292200042607830,1704292200042437471,0,1,17077,T,B,0,4764750000000,1,0,15814,8558835
1704292200043118037,1704292200042942909,0,1,17077,T,A,0,4764500000000,1,0,15383,8558843
1704292200043518414,1704292200043253457,0,1,17077,T,A,0,4764500000000,2,0,19397,8558857
1704292200043921924,1704292200043253635,0,1,17077,T,A,0,4764500000000,39,0,17570,8558859
1704292200044337543,1704292200043938739,0,1,17077,T,B,0,4764500000000,2,0,15971,8558872
1704292200044499058,1704292200044040471,0,1,17077,T,B,0,4764500000000,1,0,18161,8558874
1704292200044499058,1704292200044146173,0,1,17077,T,B,0,4764500000000,1,0,18161,8558874
1704292200044535015,1704292200044301447,0,1,17077,T,B,0,4764500000000,1,0,14843,8558875
1704292200044642742,1704292200044342643,0,1,17077,T,A,0,4764500000000,1,0,17086,8558876
1704292200044671423,1704292200044342821,0,1,17077,T,A,0,4764500000000,1,0,15299,8558877
1704292200044902328,1704292200044482857,0,1,17077,T,A,0,4764500000000,1,0,16636,8558878
1704292200044902328,1704292200044488271,0,1,17077,T,A,0,4764500000000,1,0,16636,8558878
1704292200045053097,1704292200044507357,0,1,17077,T,A,0,4764500000000,1,0,20581,8558879
1704292200045053097,1704292200044536649,0,1,17077,T,A,0,4764500000000,1,0,20581,8558879
1704292200045053097,1704292200044547549,0,1,17077,T,A,0,4764500000000,4,0,20581,8558879
1704292200045175666,1704292200044629177,0,1,17077,T,A,0,4764500000000,9,0,18754,8558882
1704292200045247262,1704292200044681465,0,1,17077,T,B,0,4764500000000,1,0,13775,8558883
1704292200045706706,1704292200045525299,0,1,17077,T,B,0,4764500000000,1,0,14591,8558895
1704292200053467698,1704292200053286927,0,1,17077,T,B,0,4764500000000,1,0,15769,8558953
1704292200054250240,1704292200054080495,0,1,17077,T,B,0,4764500000000,1,0,15691,8558960
1704292200055882830,1704292200054869007,0,1,17077,T,B,0,4764500000000,17,0,15880,8558964
1704292200056082330,1704292200055755131,0,1,17077,T,B,0,4764500000000,20,0,15754,8558966
1704292200056150255,1704292200055755309,0,1,17077,T,B,0,4764500000000,1,0,19212,8558967
1704292200056150255,1704292200055755489,0,1,17077,T,B,0,4764500000000,1,0,19212,8558967
1704292200058511562,1704292200058307631,0,1,17077,T,A,0,4764500000000,3,0,15681,8558996
1704292200059224116,1704292200058973257,0,1,17077,T,A,0,4764500000000,11,0,16008,8558999
1704292200060274022,1704292200060086179,0,1,17077,T,A,0,4764250000000,1,0,15315,8559021
1704292200061522306,1704292200061342855,0,1,17077,T,B,0,4764500000000,1,0,15636,8559033
1704292200066680062,1704292200066341889,0,1,17077,T,B,0,4764500000000,18,0,15866,8559060
1704292200066739145,1704292200066566077,0,1,17077,T,A,0,4764500000000,1,0,13381,8559062
1704292200066914505,1704292200066755865,0,1,17077,T,A,0,4764500000000,2,0,15420,8559071
1704292200067023332,1704292200066810983,0,1,17077,T,A,0,4764500000000,16,0,16006,8559073
1704292200067400987,1704292200067173689,0,1,17077,T,A,0,4764250000000,5,0,15599,8559080
1704292200068213297,1704292200068024069,0,1,17077,T,A,0,4764250000000,1,0,15235,8559095
1704292200072295168,1704292200072053923,0,1,17077,T,B,0,4764500000000,6,0,16091,8559111
1704292200072452193,1704292200072278353,0,1,17077,T,A,0,4764250000000,1,0,15378,8559113
1704292200074656737,1704292200074434541,0,1,17077,T,A,0,4764250000000,5,0,15968,8559123
1704292200083021894,1704292200082738721,0,1,17077,T,A,0,4764250000000,12,0,18180,8559152
1704292200083058133,1704292200082822559,0,1,17077,T,A,0,4764250000000,1,0,15761,8559153
1704292200091354061,1704292200091148661,0,1,17077,T,A,0,4764250000000,1,0,16516,8559197
1704292200091388563,1704292200091213601,0,1,17077,T,A,0,4764250000000,1,0,14086,8559198
1704292200091495875,1704292200091278669,0,1,17077,T,A,0,4764250000000,1,0,15333,8559199
1704292200091618337,1704292200091281189,0,1,17077,T,A,0,4764250000000,1,0,19003,8559200
1704292200091618337,1704292200091284523,0,1,17077,T,A,0,4764250000000,3,0,19003,8559200
1704292200091618337,1704292200091305189,0,1,17077,T,A,0,4764250000000,3,0,19003,8559200
1704292200091770197,1704292200091340087,0,1,17077,T,A,0,4764250000000,1,0,20417,8559201
1704292200091770197,1704292200091427517,0,1,17077,T,A,0,4764250000000,1,0,20417,8559201
1704292200091770197,1704292200091457693,0,1,17077,T,A,0,4764250000000,1,0,20417,8559201
1704292200091770197,1704292200091483011,0,1,17077,T,A,0,4764250000000,2,0,20417,8559201
1704292200091791634,1704292200091508519,0,1,17077,T,A,0,4764250000000,1,0,14473,8559202
1704292200091943109,1704292200091675071,0,1,17077,T,A,0,4764250000000,31,0,16274,8559203
1704292200092794001,1704292200092578871,0,1,17077,T,B,0,4764250000000,4,0,16065,8559250
1704292200093452383,1704292200093274667,0,1,17077,T,A,0,4764000000000,1,0,15662,8559265
1704292200094757569,1704292200094403657,0,1,17077,T,B,0,4764250000000,26,0,17411,8559285
1704292200094757569,1704292200094403657,0,1,17077,T,B,0,4764500000000,5,0,17411,8559285
1704292200094918419,1704292200094684593,0,1,17077,T,B,0,4764250000000,3,0,16094,8559287
1704292200095032837,1704292200094741853,0,1,17077,T,A,0,4764250000000,1,0,18604,8559288
1704292200095186244,1704292200094896245,0,1,17077,T,A,0,4764250000000,1,0,15762,8559291
1704292200095250666,1704292200094935675,0,1,17077,T,A,0,4764250000000,1,0,15957,8559293
1704292200095460057,1704292200095074129,0,1,17077,T,A,0,4764250000000,17,0,16337,8559295
1704292200095670519,1704292200095462661,0,1,17077,T,A,0,4764250000000,1,0,15762,8559298
1704292200095695908,1704292200095464677,0,1,17077,T,A,0,4764250000000,1,0,16474,8559299
1704292200096427226,1704292200096243685,0,1,17077,T,A,0,4764250000000,13,0,15489,8559303
1704292200096592454,1704292200096413535,0,1,17077,T,A,0,4764250000000,1,0,15310,8559305
1704292200096640667,1704292200096440469,0,1,17077,T,A,0,4764250000000,1,0,15404,8559306
1704292200096710313,1704292200096455713,0,1,17077,T,B,0,4764250000000,1,0,15828,8559307
1704292200096947905,1704292200096703523,0,1,17077,T,B,0,4764250000000,2,0,16344,8559314
1704292200096947905,1704292200096703523,0,1,17077,T,B,0,4764500000000,3,0,16344,8559314
1704292200097288764,1704292200097049027,0,1,17077,T,B,0,4764500000000,1,0,16280,8559331
1704292200098560092,1704292200098375873,0,1,17077,T,A,0,4764250000000,1,0,15289,8559343
1704292200101528003,1704292200101343381,0,1,17077,T,A,0,4764250000000,1,0,15732,8559354
1704292200105120546,1704292200104911257,0,1,17077,T,A,0,4764250000000,2,0,15647,8559376
1704292200105269267,1704292200105098909,0,1,17077,T,A,0,4764250000000,1,0,15485,8559378
1704292200105390373,1704292200105175381,0,1,17077,T,A,0,4764250000000,4,0,16286,8559380
1704292200107048618,1704292200106874061,0,1,17077,T,B,0,4764250000000,1,0,15341,8559401
1704292200113185292,1704292200113002585,0,1,17077,T,B,0,4764250000000,1,0,13386,8559409
1704292200113754301,1704292200113559869,0,1,17077,T,B,0,4764250000000,3,0,15526,8559416
1704292200113977276,1704292200113759993,0,1,17077,T,B,0,4764250000000,8,0,15675,8559419
1704292200114171042,1704292200113980457,0,1,17077,T,B,0,4764250000000,2,0,15714,8559421
1704292200114430192,1704292200114213527,0,1,17077,T,A,0,4764250000000,2,0,15194,8559432
1704292200125469014,1704292200125267639,0,1,17077,T,A,0,4764250000000,1,0,16370,8559491
1704292200125697288,1704292200125418817,0,1,17077,T,A,0,4764250000000,7,0,16060,8559493
1704292200125738288,1704292200125524581,0,1,17077,T,B,0,4764500000000,1,0,15593,8559494
1704292200125920416,1704292200125658813,0,1,17077,T,A,0,4764250000000,6,0,15552,8559495
1704292200126019132,1704292200125729053,0,1,17077,T,B,0,4764250000000,1,0,17654,8559497
1704292200126227310,1704292200125941329,0,1,17077,T,B,0,4764250000000,1,0,15400,8559509
1704292200126280044,1704292200126008291,0,1,17077,T,B,0,4764250000000,1,0,14062,8559511
1704292200126311470,1704292200126022527,0,1,17077,T,B,0,4764250000000,1,0,15008,8559512
1704292200126430445,1704292200126232729,0,1,17077,T,B,0,4764250000000,2,0,15843,8559514
1704292200126627666,1704292200126449475,0,1,17077,T,B,0,4764250000000,1,0,15380,8559518
1704292200127481579,1704292200127290287,0,1,17077,T,B,0,4764250000000,1,0,15470,8559521
1704292200133392038,1704292200133213143,0,1,17077,T,A,0,4764250000000,1,0,15365,8559551
1704292200133553928,1704292200133372637,0,1,17077,T,B,0,4764500000000,1,0,15468,8559553
1704292200137724598,1704292200137526717,0,1,17077,T,B,0,4764500000000,5,0,15373,8559585
1704292200143725060,1704292200143543115,0,1,17077,T,A,0,4764250000000,1,0,16657,8559612
1704292200144074863,1704292200143901029,0,1,17077,T,B,0,4764500000000,1,0,15079,8559614
1704292200144429135,1704292200144196525,0,1,17077,T,A,0,4764250000000,3,0,15656,8559617
1704292200168456133,1704292200168258417,0,1,17077,T,B,0,4764500000000,1,0,15779,8559648
1704292200170964171,1704292200170760353,0,1,17077,T,B,0,4764500000000,1,0,15201,8559657
1704292200176357910,1704292200176177845,0,1,17077,T,B,0,4764500000000,1,0,15894,8559661
1704292200177197564,1704292200177024319,0,1,17077,T,B,0,4764500000000,1,0,16145,8559668
1704292200182071291,1704292200181871605,0,1,17077,T,B,0,4764500000000,7,0,16947,8559674
1704292200183091169,1704292200182903523,0,1,17077,T,A,0,4764250000000,1,0,15372,8559693
1704292200199386508,1704292200199194027,0,1,17077,T,A,0,4764250000000,1,0,15316,8559751
1704292200203949051,1704292200203764715,0,1,17077,T,A,0,4764250000000,1,0,15963,8559756
1704292200203996041,1704292200203787211,0,1,17077,T,A,0,4764250000000,1,0,13785,8559757
1704292200204066035,1704292200203812593,0,1,17077,T,A,0,4764250000000,1,0,15533,8559758
1704292200204104290,1704292200203838609,0,1,17077,T,A,0,4764250000000,1,0,15036,8559759
1704292200204177826,1704292200203975169,0,1,17077,T,A,0,4764250000000,5,0,15443,8559760
1704292200205734279,1704292200205396117,0,1,17077,T,B,0,4764500000000,17,0,16217,8559763
1704292200208885871,1704292200208632287,0,1,17077,T,B,0,4764500000000,9,0,15832,8559798
1704292200220108653,1704292200219880983,0,1,17077,T,B,0,4764500000000,4,0,15583,8559818
1704292200226426678,1704292200226205471,0,1,17077,T,A,0,4764250000000,4,0,15517,8559856
1704292200227914504,1704292200227728095,0,1,17077,T,A,0,4764250000000,4,0,15331,8559866
1704292200230201835,1704292200229879681,0,1,17077,T,B,0,4764500000000,17,0,15974,8559872
1704292200254885935,1704292200254518511,0,1,17077,T,B,0,4764500000000,17,0,16452,8559959
1704292200255109918,1704292200254850725,0,1,17077,T,B,0,4764500000000,10,0,17968,8559962
1704292200255195987,1704292200254850917,0,1,17077,T,B,0,4764500000000,2,0,15487,8559963
1704292200255195987,1704292200254851101,0,1,17077,T,B,0,4764500000000,1,0,15487,8559963
1704292200255195987,1704292200254851357,0,1,17077,T,B,0,4764500000000,1,0,15487,8559963
1704292200255253637,1704292200254868491,0,1,17077,T,B,0,4764500000000,1,0,17090,8559964
1704292200255333112,1704292200254980417,0,1,17077,T,B,0,4764500000000,1,0,14126,8559965
1704292200255638884,1704292200255370781,0,1,17077,T,A,0,4764500000000,10,0,15797,8559977
1704292200255835773,1704292200255616703,0,1,17077,T,A,0,4764500000000,3,0,15498,8559983
1704292200255905162,1704292200255668977,0,1,17077,T,B,0,4764500000000,1,0,16690,8559984
1704292200256052475,1704292200255849825,0,1,17077,T,B,0,4764500000000,2,0,15483,8559989
1704292200256193378,1704292200256018391,0,1,17077,T,B,0,4764500000000,1,0,16260,8559992
1704292200256275275,1704292200256021853,0,1,17077,T,B,0,4764500000000,4,0,14069,8559993
1704292200256550984,1704292200256359051,0,1,17077,T,A,0,4764500000000,1,0,15258,8560003
1704292200256620886,1704292200256372339,0,1,17077,T,A,0,4764500000000,1,0,15415,8560004
1704292200256620886,1704292200256378763,0,1,17077,T,A,0,4764500000000,1,0,15415,8560004
1704292200256792621,1704292200256623865,0,1,17077,T,A,0,4764500000000,2,0,15686,8560006
1704292200256830410,1704292200256634317,0,1,17077,T,A,0,4764500000000,2,0,14329,8560007
1704292200259487588,1704292200259288449,0,1,17077,T,B,0,4764500000000,1,0,15540,8560015
1704292200272731791,1704292200272525953,0,1,17077,T,A,0,4764500000000,1,0,16500,8560055
1704292200272940967,1704292200272734521,0,1,17077,T,A,0,4764500000000,2,0,17595,8560062
1704292200275505651,1704292200275314509,0,1,17077,T,B,0,4764750000000,1,0,15562,8560072
1704292200276875761,1704292200276685883,0,1,17077,T,B,0,4764750000000,1,0,15370,8560074
1704292200279224816,1704292200279036525,0,1,17077,T,A,0,4764500000000,3,0,15619,8560080
1704292200279405143,1704292200279227827,0,1,17077,T,A,0,4764500000000,2,0,15414,8560083
1704292200279573596,1704292200279421967,0,1,17077,T,A,0,4764500000000,1,0,15221,8560086
1704292200290837563,1704292200290582719,0,1,17077,T,B,0,4764750000000,4,0,16525,8560106
1704292200300096465,1704292200299915983,0,1,17077,T,A,0,4764500000000,1,0,17164,8560147
1704292200302947127,1704292200302693953,0,1,17077,T,A,0,4764500000000,8,0,16048,8560150
1704292200332265465,1704292200332084071,0,1,17077,T,B,0,4764750000000,1,0,15438,8560172
1704292200344975373,1704292200344797053,0,1,17077,T,B,0,4764750000000,1,0,15433,8560197
1704292200361170259,1704292200360985447,0,1,17077,T,B,0,4764750000000,1,0,15346,8560221
1704292200369388800,1704292200369198851,0,1,17077,T,A,0,4764500000000,1,0,15632,8560236
1704292200386329372,1704292200386135823,0,1,17077,T,B,0,4764750000000,1,0,15673,8560252
1704292200444442281,1704292200444240805,0,1,17077,T,B,0,4764750000000,1,0,15368,8560293
1704292200450177314,1704292200449994411,0,1,17077,T,B,0,4764750000000,1,0,15533,8560305
1704292200471899960,1704292200471702513,0,1,17077,T,A,0,4764500000000,2,0,15628,8560312
1704292200485453439,1704292200485270983,0,1,17077,T,A,0,4764500000000,1,0,15516,8560325
1704292200500850302,1704292200500642629,0,1,17077,T,A,0,4764500000000,1,0,15496,8560337
1704292200504609307,1704292200504435191,0,1,17077,T,A,0,4764500000000,4,0,15293,8560344
1704292200506456572,1704292200506268293,0,1,17077,T,B,0,4764750000000,1,0,15339,8560346
1704292200514269002,1704292200514062435,0,1,17077,T,A,0,4764500000000,4,0,15444,8560358
1704292200520971869,1704292200520770355,0,1,17077,T,B,0,4764750000000,2,0,15568,8560374
1704292200542735426,1704292200542539563,0,1,17077,T,B,0,4764750000000,1,0,15494,8560397
1704292200554407408,1704292200554224469,0,1,17077,T,A,0,4764500000000,1,0,17335,8560410
1704292200587756462,1704292200587560037,0,1,17077,T,A,0,4764500000000,1,0,15717,8560417
1704292200593578522,1704292200593404789,0,1,17077,T,A,0,4764500000000,3,0,15545,8560423
1704292200596640818,1704292200596450089,0,1,17077,T,A,0,4764500000000,1,0,16029,8560426
1704292200609847597,1704292200609660393,0,1,17077,T,A,0,4764500000000,2,0,15634,8560439
1704292200619344470,1704292200619159691,0,1,17077,T,A,0,4764500000000,1,0,15728,8560452
1704292200648991519,1704292200648402291,0,1,17077,T,A,0,4764500000000,3,0,403166,8560471
1704292200649379690,1704292200649006371,0,1,17077,T,A,0,4764500000000,41,0,16642,8560473
1704292200649490627,1704292200649020987,0,1,17077,T,A,0,4764500000000,2,0,19924,8560474
1704292200649573046,1704292200649382731,0,1,17077,T,A,0,4764500000000,2,0,12638,8560477
1704292200649633168,1704292200649385265,0,1,17077,T,A,0,4764500000000,1,0,17018,8560478
1704292200649633168,1704292200649385707,0,1,17077,T,A,0,4764500000000,1,0,17018,8560478
1704292200649716688,1704292200649387971,0,1,17077,T,A,0,4764500000000,4,0,13960,8560479
1704292200650071432,1704292200649745885,0,1,17077,T,B,0,4764500000000,1,0,15240,8560495
1704292200650193643,1704292200649996657,0,1,17077,T,B,0,4764500000000,1,0,15670,8560498
1704292200653832550,1704292200653540911,0,1,17077,T,B,0,4764500000000,12,0,15745,8560516
1704292200654273968,1704292200653873631,0,1,17077,T,A,0,4764500000000,1,0,15781,8560537
1704292200669764248,1704292200669578185,0,1,17077,T,A,0,4764500000000,1,0,15237,8560579
1704292200669782833,1704292200669584733,0,1,17077,T,A,0,4764500000000,1,0,14209,8560580
1704292200669933182,1704292200669767219,0,1,17077,T,A,0,4764500000000,2,0,15237,8560582
1704292200669991922,1704292200669768921,0,1,17077,T,A,0,4764500000000,1,0,15227,8560583
1704292200669991922,1704292200669788575,0,1,17077,T,A,0,4764500000000,1,0,15227,8560583
1704292200670171798,1704292200670011497,0,1,17077,T,A,0,4764500000000,1,0,15207,8560585
1704292200670338454,1704292200670174769,0,1,17077,T,A,0,4764500000000,1,0,15193,8560587
1704292200686851012,1704292200686638621,0,1,17077,T,A,0,4764250000000,1,0,15725,8560639
1704292200703130556,1704292200702913119,0,1,17077,T,B,0,4764500000000,2,0,15538,8560675
1704292200708052476,1704292200707438841,0,1,17077,T,B,0,4764500000000,52,0,20958,8560679
1704292200708052476,1704292200707438841,0,1,17077,T,B,0,4764750000000,71,0,20958,8560679
1704292200708052476,1704292200707438841,0,1,17077,T,B,0,4765000000000,72,0,20958,8560679
1704292200709764961,1704292200708323237,0,1,17077,T,A,0,4764750000000,1,0,15579,8560742
1704292200709884750,1704292200708453185,0,1,17077,T,B,0,4764750000000,1,0,20159,8560743
1704292200710092795,1704292200708746531,0,1,17077,T,B,0,4764750000000,2,0,19955,8560745
1704292200710368145,1704292200709767935,0,1,17077,T,A,0,4764750000000,2,0,19841,8560748
1704292200710368145,1704292200709768291,0,1,17077,T,A,0,4764750000000,1,0,19841,8560748
1704292200710532215,1704292200710069223,0,1,17077,T,A,0,4764750000000,3,0,19585,8560750
1704292200710532215,1704292200710101723,0,1,17077,T,A,0,4764750000000,1,0,19585,8560750
1704292200710532215,1704292200710107393,0,1,17077,T,A,0,4764750000000,2,0,19585,8560750
1704292200710690874,1704292200710485531,0,1,17077,T,A,0,4764750000000,1,0,15126,8560753
1704292200710763975,1704292200710488365,0,1,17077,T,A,0,4764750000000,1,0,16155,8560754
1704292200710763975,1704292200710534541,0,1,17077,T,A,0,4764750000000,2,0,16155,8560754
1704292200717162203,1704292200716971531,0,1,17077,T,B,0,4765000000000,2,0,17255,8560839
1704292200720253702,1704292200720069555,0,1,17077,T,A,0,4764750000000,1,0,15305,8560858
1704292200720301649,1704292200720119697,0,1,17077,T,A,0,4764750000000,1,0,15264,8560859
1704292200720383162,1704292200720149117,0,1,17077,T,B,0,4765000000000,14,0,15729,8560860
1704292200720406166,1704292200720149295,0,1,17077,T,B,0,4765000000000,1,0,15445,8560861
1704292200720509781,1704292200720340169,0,1,17077,T,A,0,4764750000000,1,0,15417,8560863
1704292200720628331,1704292200720389555,0,1,17077,T,B,0,4765000000000,3,0,15638,8560865
1704292200720685765,1704292200720398497,0,1,17077,T,B,0,4765000000000,1,0,16333,8560866
1704292200720768850,1704292200720582307,0,1,17077,T,B,0,4765000000000,1,0,16036,8560869
1704292200720803444,1704292200720593835,0,1,17077,T,B,0,4765000000000,1,0,14807,8560870
1704292200721390496,1704292200721172725,0,1,17077,T,B,0,4765000000000,5,0,15500,8560887
1704292200728706747,1704292200728503435,0,1,17077,T,B,0,4765000000000,1,0,16296,8560933
1704292200732639027,1704292200732430551,0,1,17077,T,A,0,4764750000000,12,0,16643,8560939
1704292200732835152,1704292200732641505,0,1,17077,T,A,0,4764750000000,2,0,16289,8560941
1704292200743076144,1704292200742858151,0,1,17077,T,A,0,4764750000000,3,0,17069,8560961
1704292200743275572,1704292200743078179,0,1,17077,T,A,0,4764750000000,2,0,15588,8560968
1704292200743445531,1704292200743278619,0,1,17077,T,A,0,4764750000000,1,0,15149,8560970
1704292200743594236,1704292200743423999,0,1,17077,T,A,0,4764750000000,1,0,15260,8560972
1704292200743774542,1704292200743597225,0,1,17077,T,A,0,4764750000000,2,0,15554,8560974
1704292200744816128,1704292200744628643,0,1,17077,T,A,0,4764750000000,2,0,16449,8560979
1704292200744982681,1704292200744804327,0,1,17077,T,A,0,4764750000000,1,0,15255,8560981
1704292200745062387,1704292200744804681,0,1,17077,T,A,0,4764750000000,1,0,15457,8560982
1704292200745062387,1704292200744818625,0,1,17077,T,A,0,4764750000000,2,0,15457,8560982
1704292200745240496,1704292200745079029,0,1,17077,T,A,0,4764750000000,6,0,15666,8560983
1704292200745411581,1704292200745252567,0,1,17077,T,A,0,4764750000000,1,0,15193,8560987
1704292200745442402,1704292200745272535,0,1,17077,T,A,0,4764750000000,1,0,14317,8560988
1704292200745591432,1704292200745414519,0,1,17077,T,A,0,4764750000000,2,0,16474,8560989
1704292200767976439,1704292200767611689,0,1,17077,T,A,0,4764750000000,12,0,16135,8561029
1704292200768178908,1704292200767979367,0,1,17077,T,A,0,4764750000000,2,0,15572,8561032
1704292200768222616,1704292200767986363,0,1,17077,T,A,0,4764750000000,5,0,15471,8561033
1704292200768285047,1704292200768002861,0,1,17077,T,A,0,4764750000000,3,0,16588,8561034
1704292200768622788,1704292200768360719,0,1,17077,T,B,0,4764750000000,1,0,15618,8561047
1704292200769469109,1704292200769254937,0,1,17077,T,B,0,4764750000000,14,0,16853,8561059
1704292200769658410,1704292200769473141,0,1,17077,T,B,0,4764750000000,1,0,15454,8561062
1704292200769736677,1704292200769485799,0,1,17077,T,A,0,4764750000000,1,0,15162,8561064
1704292200769921687,1704292200769734613,0,1,17077,T,A,0,4764750000000,1,0,16709,8561070
1704292200769981241,1704292200769773731,0,1,17077,T,A,0,4764750000000,1,0,15026,8561071
1704292200770114475,1704292200769923649,0,1,17077,T,A,0,4764750000000,2,0,15463,8561073
1704292200770451786,1704292200770280809,0,1,17077,T,A,0,4764750000000,1,0,15541,8561081
1704292200775857879,1704292200775677445,0,1,17077,T,B,0,4764750000000,1,0,15263,8561100
1704292200776045608,1704292200775836683,0,1,17077,T,B,0,4764750000000,5,0,15433,8561102
1704292200776299690,1704292200776119391,0,1,17077,T,A,0,4764750000000,1,0,15462,8561112
1704292200776464611,1704292200776288521,0,1,17077,T,A,0,4764750000000,1,0,15270,8561114
1704292200776508273,1704292200776302695,0,1,17077,T,A,0,4764750000000,2,0,14578,8561115
1704292200789503264,1704292200789275581,0,1,17077,T,B,0,4765000000000,12,0,16046,8561130
1704292200792296891,1704292200792066585,0,1,17077,T,A,0,4764750000000,5,0,16025,8561143
1704292200792979668,1704292200792804339,0,1,17077,T,B,0,4764750000000,5,0,15534,8561155
1704292200805570545,1704292200805333641,0,1,17077,T,B,0,4764750000000,9,0,15951,8561161
1704292200805736965,1704292200805551147,0,1,17077,T,B,0,4764750000000,2,0,15355,8561163
1704292200805906590,1704292200805724053,0,1,17077,T,B,0,4764750000000,1,0,15461,8561165
1704292200805939255,1704292200805748941,0,1,17077,T,B,0,4764750000000,1,0,15444,8561166
1704292200822908616,1704292200822647363,0,1,17077,T,A,0,4764500000000,8,0,16115,8561205
1704292200848146068,1704292200847951249,0,1,17077,T,A,0,4764500000000,2,0,15343,8561243
1704292200860525787,1704292200860299891,0,1,17077,T,B,0,4764750000000,2,0,15389,8561271
1704292200888567074,1704292200888356995,0,1,17077,T,B,0,4764750000000,4,0,15346,8561299
1704292200907020462,1704292200906798079,0,1,17077,T,A,0,4764500000000,4,0,15445,8561310
1704292200907655220,1704292200907463137,0,1,17077,T,A,0,4764500000000,4,0,15607,8561316
1704292200960369566,1704292200960155667,0,1,17077,T,A,0,4764500000000,1,0,15640,8561352
1704292200966501510,1704292200966323941,0,1,17077,T,A,0,4764500000000,1,0,15494,8561356
1704292200975088076,1704292200974885245,0,1,17077,T,A,0,4764500000000,2,0,15398,8561362
1704292200975122025,1704292200974885419,0,1,17077,T,A,0,4764500000000,1,0,13981,8561363
1704292200975329717,1704292200975053745,0,1,17077,T,A,0,4764500000000,3,0,15958,8561365
1704292200975442927,1704292200975064205,0,1,17077,T,A,0,4764500000000,3,0,18329,8561366
1704292200975442927,1704292200975091165,0,1,17077,T,A,0,4764500000000,1,0,18329,8561366
1704292200975442927,1704292200975100237,0,1,17077,T,A,0,4764500000000,5,0,18329,8561366
1704292200975564892,1704292200975278811,0,1,17077,T,A,0,4764500000000,5,0,17556,8561367
1704292200975564892,1704292200975294811,0,1,17077,T,A,0,4764500000000,1,0,17556,8561367
1704292200975616771,1704292200975332425,0,1,17077,T,A,0,4764500000000,2,0,14035,8561368
1704292200975879844,1704292200975445803,0,1,17077,T,A,0,4764500000000,1,0,17604,8561369
1704292200975879844,1704292200975455441,0,1,17077,T,A,0,4764500000000,1,0,17604,8561369
1704292200975879844,1704292200975458155,0,1,17077,T,A,0,4764500000000,3,0,17604,8561369
1704292200976144964,1704292200975470815,0,1,17077,T,A,0,4764500000000,2,0,20293,8561370
1704292200976144964,1704292200975470989,0,1,17077,T,A,0,4764500000000,3,0,20293,8561370
1704292200976144964,1704292200975471169,0,1,17077,T,A,0,4764500000000,1,0,20293,8561370
1704292200976144964,1704292200975471377,0,1,17077,T,A,0,4764500000000,2,0,20293,8561370
1704292200976144964,1704292200975471883,0,1,17077,T,A,0,4764500000000,6,0,20293,8561370
1704292200976238867,1704292200975472075,0,1,17077,T,A,0,4764500000000,2,0,17986,8561371
1704292200976238867,1704292200975496197,0,1,17077,T,A,0,4764500000000,2,0,17986,8561371
1704292200976284593,1704292200975574179,0,1,17077,T,A,0,4764500000000,1,0,14621,8561372
1704292200976336052,1704292200975771661,0,1,17077,T,A,0,4764500000000,1,0,16949,8561373
1704292200976719462,1704292200976373603,0,1,17077,T,B,0,4764500000000,1,0,15559,8561389
1704292200980160851,1704292200979961951,0,1,17077,T,B,0,4764500000000,1,0,15543,8561414
1704292200988829774,1704292200988634119,0,1,17077,T,A,0,4764250000000,1,0,15699,8561432
1704292201000718054,1704292201000481793,0,1,17077,T,A,0,4764250000000,1,0,15240,8561448
1704292201014448758,1704292201014216557,0,1,17077,T,B,0,4764500000000,2,0,15847,8561477
1704292201014652072,1704292201014417373,0,1,17077,T,B,0,4764500000000,1,0,16156,8561481
1704292201014677267,1704292201014417549,0,1,17077,T,B,0,4764500000000,1,0,13334,8561483
1704292201014867197,1704292201014682943,0,1,17077,T,B,0,4764500000000,1,0,15723,8561487
1704292201014958699,1704292201014685907,0,1,17077,T,B,0,4764500000000,2,0,15439,8561488
1704292201014958699,1704292201014696293,0,1,17077,T,B,0,4764500000000,1,0,15439,8561488
1704292201015026317,1704292201014836265,0,1,17077,T,B,0,4764500000000,1,0,16027,8561489
1704292201015147637,1704292201014837327,0,1,17077,T,B,0,4764500000000,7,0,16820,8561490
1704292201015246767,1704292201014980449,0,1,17077,T,A,0,4764500000000,1,0,18332,8561491
1704292201015411549,1704292201015161789,0,1,17077,T,A,0,4764500000000,1,0,15695,8561499
1704292201015641665,1704292201015398521,0,1,17077,T,A,0,4764500000000,8,0,15454,8561507
1704292201015719630,1704292201015398707,0,1,17077,T,A,0,4764500000000,1,0,16376,8561508
1704292201015719630,1704292201015402681,0,1,17077,T,A,0,4764500000000,1,0,16376,8561508
1704292201015856889,1704292201015597891,0,1,17077,T,A,0,4764500000000,1,0,15729,8561510
1704292201015933963,1704292201015644623,0,1,17077,T,A,0,4764500000000,2,0,18834,8561511
1704292201020207376,1704292201020018981,0,1,17077,T,A,0,4764500000000,1,0,16678,8561518
1704292201020391462,1704292201020210095,0,1,17077,T,A,0,4764500000000,2,0,15372,8561520
1704292201020559633,1704292201020394527,0,1,17077,T,A,0,4764500000000,1,0,16431,8561522
1704292201020755545,1704292201020562589,0,1,17077,T,A,0,4764500000000,2,0,15498,8561525
1704292201028435366,1704292201028190051,0,1,17077,T,A,0,4764500000000,2,0,15554,8561562
1704292201028625911,1704292201028438365,0,1,17077,T,A,0,4764500000000,2,0,16056,8561567
1704292201032381526,1704292201032211597,0,1,17077,T,A,0,4764500000000,1,0,15739,8561586
1704292201032554279,1704292201032384443,0,1,17077,T,A,0,4764500000000,2,0,17098,8561588
1704292201040127654,1704292201039954199,0,1,17077,T,A,0,4764500000000,1,0,15436,8561604
1704292201047242527,1704292201047048889,0,1,17077,T,B,0,4764500000000,1,0,15610,8561634
1704292201047348846,1704292201047169329,0,1,17077,T,B,0,4764500000000,2,0,15460,8561636
1704292201053043074,1704292201052871589,0,1,17077,T,A,0,4764250000000,2,0,15782,8561646
1704292201056584331,1704292201056397327,0,1,17077,T,A,0,4764250000000,1,0,16235,8561659
1704292201067780768,1704292201067429519,0,1,17077,T,B,0,4764500000000,19,0,18268,8561706
1704292201076599223,1704292201076406375,0,1,17077,T,B,0,4764500000000,1,0,15664,8561739
1704292201092650853,1704292201092354835,0,1,17077,T,B,0,4764500000000,19,0,15653,8561779
1704292201092845642,1704292201092627963,0,1,17077,T,B,0,4764500000000,2,0,15263,8561782
1704292201092920177,1704292201092631803,0,1,17077,T,B,0,4764500000000,1,0,15969,8561783
1704292201092920177,1704292201092632059,0,1,17077,T,B,0,4764500000000,1,0,15969,8561783
1704292201093009753,1704292201092673127,0,1,17077,T,B,0,4764500000000,10,0,18145,8561784
1704292201101074577,1704292201100891133,0,1,17077,T,A,0,4764500000000,1,0,15337,8561822
1704292201101277738,1704292201101077581,0,1,17077,T,A,0,4764500000000,2,0,15353,8561824
1704292201104231145,1704292201104052463,0,1,17077,T,A,0,4764500000000,1,0,17388,8561829
1704292201104415480,1704292201104233375,0,1,17077,T,A,0,4764500000000,2,0,15280,8561831
1704292201104449066,1704292201104233555,0,1,17077,T,A,0,4764500000000,1,0,13712,8561832
1704292201104607914,1704292201104426697,0,1,17077,T,A,0,4764500000000,1,0,15450,8561833
1704292201104707034,1704292201104427957,0,1,17077,T,A,0,4764500000000,10,0,18114,8561834
1704292201104812385,1704292201104610943,0,1,17077,T,A,0,4764500000000,2,0,15441,8561835
1704292201104955823,1704292201104683883,0,1,17077,T,A,0,4764500000000,3,0,15860,8561837
1704292201104988201,1704292201104710909,0,1,17077,T,A,0,4764500000000,1,0,13922,8561838
1704292201114424313,1704292201114234219,0,1,17077,T,B,0,4764500000000,1,0,15613,8561869
1704292201116571923,1704292201116276385,0,1,17077,T,B,0,4764500000000,19,0,16123,8561875
1704292201116681642,1704292201116473355,0,1,17077,T,B,0,4764500000000,1,0,15919,8561877
1704292201116793331,1704292201116488855,0,1,17077,T,B,0,4764500000000,6,0,17370,8561878
1704292201116793331,1704292201116489035,0,1,17077,T,B,0,4764500000000,1,0,17370,8561878
1704292201116852419,1704292201116489211,0,1,17077,T,B,0,4764500000000,5,0,15065,8561879
1704292201117160797,1704292201116879901,0,1,17077,T,A,0,4764500000000,1,0,16692,8561890
1704292201117358485,1704292201117163679,0,1,17077,T,A,0,4764500000000,2,0,16977,8561893
1704292201117634147,1704292201117348623,0,1,17077,T,A,0,4764500000000,9,0,15698,8561895
1704292201117717130,1704292201117348803,0,1,17077,T,A,0,4764500000000,2,0,16120,8561896
1704292201117717130,1704292201117348979,0,1,17077,T,A,0,4764500000000,1,0,16120,8561896
1704292201117840477,1704292201117636989,0,1,17077,T,A,0,4764500000000,2,0,15524,8561897
1704292201118012002,1704292201117843539,0,1,17077,T,A,0,4764500000000,1,0,16194,8561899
1704292201118181193,1704292201117986719,0,1,17077,T,A,0,4764500000000,1,0,15494,8561901
1704292201118211681,1704292201118014115,0,1,17077,T,A,0,4764500000000,2,0,13953,8561902
1704292201118333905,1704292201118160065,0,1,17077,T,A,0,4764500000000,1,0,16853,8561903
1704292201118486827,1704292201118303999,0,1,17077,T,A,0,4764500000000,1,0,15547,8561905
1704292201140266198,1704292201139977089,0,1,17077,T,B,0,4764500000000,16,0,16133,8561946
1704292201140415856,1704292201140216583,0,1,17077,T,B,0,4764500000000,2,0,15353,8561948
1704292201140746506,1704292201140522019,0,1,17077,T,A,0,4764500000000,1,0,15555,8561966
1704292201140967841,1704292201140749421,0,1,17077,T,A,0,4764500000000,2,0,15546,8561975
1704292201141107874,1704292201140915721,0,1,17077,T,A,0,4764500000000,1,0,15885,8561977
1704292201141161407,1704292201140958863,0,1,17077,T,A,0,4764500000000,1,0,14760,8561979
1704292201141890698,1704292201141670539,0,1,17077,T,B,0,4764500000000,4,0,15792,8561985
1704292201142949897,1704292201142768407,0,1,17077,T,A,0,4764500000000,1,0,15662,8562009
1704292201143163629,1704292201142952853,0,1,17077,T,A,0,4764500000000,2,0,15593,8562014
1704292201143330060,1704292201143149509,0,1,17077,T,A,0,4764500000000,1,0,15457,8562018
1704292201143519392,1704292201143333007,0,1,17077,T,A,0,4764500000000,2,0,18284,8562021
1704292201145398231,1704292201145130641,0,1,17077,T,A,0,4764500000000,1,0,15941,8562028
1704292201145398231,1704292201145130641,0,1,17077,T,A,0,4764250000000,3,0,15941,8562028
1704292201146509497,1704292201146309457,0,1,17077,T,B,0,4764500000000,7,0,15580,8562056
1704292201146553415,1704292201146327913,0,1,17077,T,B,0,4764500000000,1,0,14994,8562057
1704292201146670757,1704292201146477139,0,1,17077,T,B,0,4764500000000,1,0,15800,8562058
1704292201146759453,1704292201146490489,0,1,17077,T,B,0,4764500000000,2,0,15170,8562059
1704292201146934834,1704292201146582961,0,1,17077,T,A,0,4764500000000,5,0,17204,8562063
1704292201147100348,1704292201146919647,0,1,17077,T,A,0,4764500000000,1,0,15370,8562067
1704292201147134626,1704292201146937725,0,1,17077,T,A,0,4764500000000,2,0,13781,8562068
1704292201155927965,1704292201155716855,0,1,17077,T,A,0,4764250000000,1,0,15534,8562098
1704292201161522356,1704292201161331437,0,1,17077,T,B,0,4764500000000,3,0,20939,8562136
1704292201181739820,1704292201181529017,0,1,17077,T,A,0,4764250000000,1,0,15969,8562200
1704292201198175631,1704292201197978315,0,1,17077,T,A,0,4764250000000,1,0,16335,8562233
1704292201248228527,1704292201248010993,0,1,17077,T,B,0,4764500000000,1,0,16154,8562279
1704292201249365174,1704292201249159255,0,1,17077,T,A,0,4764250000000,4,0,15248,8562285
1704292201263263089,1704292201263004443,0,1,17077,T,A,0,4764250000000,4,0,15984,8562317
1704292201263438576,1704292201263266109,0,1,17077,T,A,0,4764250000000,2,0,15457,8562320
1704292201263574063,1704292201263393729,0,1,17077,T,A,0,4764250000000,1,0,15744,8562322
1704292201272746456,1704292201272573601,0,1,17077,T,B,0,4764500000000,1,0,15614,8562331
1704292201307057122,1704292201306809813,0,1,17077,T,A,0,4764250000000,4,0,15503,8562353
1704292201310288153,1704292201310077291,0,1,17077,T,A,0,4764250000000,4,0,16073,8562368
1704292201328443335,1704292201328233011,0,1,17077,T,B,0,4764500000000,2,0,15485,8562390
1704292201343221828,1704292201343014313,0,1,17077,T,B,0,4764500000000,2,0,15819,8562400
1704292201345722738,1704292201345517823,0,1,17077,T,B,0,4764500000000,1,0,15373,8562403
1704292201376552710,1704292201376344265,0,1,17077,T,B,0,4764500000000,1,0,15936,8562424
1704292201402985392,1704292201402787671,0,1,17077,T,B,0,4764500000000,1,0,15758,8562439
1704292201405271828,1704292201405081239,0,1,17077,T,A,0,4764250000000,1,0,15385,8562442
1704292201491900246,1704292201491691245,0,1,17077,T,B,0,4764500000000,2,0,15575,8562509
1704292201538091877,1704292201537860479,0,1,17077,T,A,0,4764250000000,1,0,15146,8562547
1704292201540458727,1704292201540250243,0,1,17077,T,A,0,4764250000000,1,0,16759,8562552
1704292201540776544,1704292201540578361,0,1,17077,T,A,0,4764250000000,2,0,15675,8562557
1704292201540935704,1704292201540748437,0,1,17077,T,A,0,4764250000000,1,0,15231,8562559
1704292201541008749,1704292201540748623,0,1,17077,T,A,0,4764250000000,1,0,14949,8562560
1704292201541008749,1704292201540779431,0,1,17077,T,A,0,4764250000000,2,0,14949,8562560
1704292201541181636,1704292201541013373,0,1,17077,T,A,0,4764250000000,2,0,15453,8562561
1704292201541352777,1704292201541184647,0,1,17077,T,A,0,4764250000000,1,0,15659,8562563
1704292201541530466,1704292201541355735,0,1,17077,T,A,0,4764250000000,2,0,13142,8562567
1704292201541731783,1704292201541561211,0,1,17077,T,A,0,4764250000000,3,0,15292,8562574
1704292201541895951,1704292201541734751,0,1,17077,T,A,0,4764250000000,2,0,15408,8562576
1704292201548103418,1704292201547933699,0,1,17077,T,A,0,4764250000000,3,0,15562,8562583
1704292201548282869,1704292201548106427,0,1,17077,T,A,0,4764250000000,2,0,15283,8562585
1704292201548311924,1704292201548119585,0,1,17077,T,A,0,4764250000000,1,0,14578,8562586
1704292201549676792,1704292201549509737,0,1,17077,T,A,0,4764250000000,1,0,15889,8562587
1704292201549868786,1704292201549679751,0,1,17077,T,A,0,4764250000000,2,0,15437,8562589
1704292201550453780,1704292201550274575,0,1,17077,T,A,0,4764250000000,2,0,15673,8562591
1704292201550633107,1704292201550456741,0,1,17077,T,A,0,4764250000000,2,0,15339,8562593
1704292201550680491,1704292201550469591,0,1,17077,T,A,0,4764250000000,1,0,13851,8562594
1704292201550793287,1704292201550630543,0,1,17077,T,A,0,4764250000000,3,0,15228,8562595
1704292201551017054,1704292201550796267,0,1,17077,T,A,0,4764250000000,2,0,15367,8562598
1704292201551063456,1704292201550801497,0,1,17077,T,A,0,4764250000000,2,0,15593,8562599
1704292201551270082,1704292201551066247,0,1,17077,T,A,0,4764250000000,2,0,15748,8562601
1704292201553283318,1704292201553084421,0,1,17077,T,A,0,4764250000000,1,0,15690,8562616
1704292201553455734,1704292201553286243,0,1,17077,T,A,0,4764250000000,2,0,15741,8562618
1704292201564806692,1704292201564536881,0,1,17077,T,A,0,4764250000000,12,0,15926,8562630
1704292201565000816,1704292201564754925,0,1,17077,T,A,0,4764250000000,2,0,15412,8562636
1704292201565096117,1704292201564755253,0,1,17077,T,A,0,4764250000000,5,0,17378,8562637
1704292201565145984,1704292201564809639,0,1,17077,T,A,0,4764250000000,2,0,16169,8562638
1704292201565476209,1704292201565245221,0,1,17077,T,B,0,4764250000000,1,0,15417,8562655
1704292201565739026,1704292201565481941,0,1,17077,T,B,0,4764250000000,8,0,15849,8562657
1704292201565880548,1704292201565693087,0,1,17077,T,B,0,4764250000000,1,0,15237,8562661
1704292201565924476,1704292201565700203,0,1,17077,T,B,0,4764250000000,2,0,15280,8562662
1704292201566376865,1704292201566102909,0,1,17077,T,A,0,4764250000000,3,0,16604,8562677
1704292201566636069,1704292201566379757,0,1,17077,T,A,0,4764250000000,2,0,15684,8562679
1704292201566773833,1704292201566477081,0,1,17077,T,B,0,4764250000000,2,0,18785,8562681
1704292201566773833,1704292201566501765,0,1,17077,T,A,0,4764250000000,2,0,18785,8562681
1704292201566799341,1704292201566501957,0,1,17077,T,A,0,4764250000000,1,0,15509,8562682
1704292201570321802,1704292201570119791,0,1,17077,T,B,0,4764250000000,1,0,16212,8562701
1704292201570492841,1704292201570312537,0,1,17077,T,B,0,4764250000000,1,0,15405,8562703
1704292201573039687,1704292201572830485,0,1,17077,T,A,0,4764250000000,1,0,16131,8562711
1704292201573208995,1704292201573035453,0,1,17077,T,A,0,4764250000000,1,0,15313,8562713
1704292201577289484,1704292201577089247,0,1,17077,T,B,0,4764250000000,1,0,15874,8562734
1704292201591457237,1704292201591235653,0,1,17077,T,A,0,4764000000000,1,0,15993,8562768
1704292201639310619,1704292201639114409,0,1,17077,T,A,0,4764000000000,1,0,15301,8562816
1704292201647768236,1704292201647552185,0,1,17077,T,A,0,4764000000000,1,0,15354,8562830
1704292201650106765,1704292201649915607,0,1,17077,T,A,0,4764000000000,4,0,15311,8562844
1704292201650338448,1704292201650115797,0,1,17077,T,A,0,4764000000000,4,0,15604,8562848
1704292201650523766,1704292201650322975,0,1,17077,T,A,0,4764000000000,2,0,15454,8562850
1704292201650627893,1704292201650326943,0,1,17077,T,A,0,4764000000000,1,0,18571,8562851
1704292201650627893,1704292201650327297,0,1,17077,T,A,0,4764000000000,1,0,18571,8562851
1704292201650627893,1704292201650341367,0,1,17077,T,A,0,4764000000000,2,0,18571,8562851
1704292201650932155,1704292201650754277,0,1,17077,T,A,0,4764000000000,1,0,16512,8562853
1704292201651096036,1704292201650935055,0,1,17077,T,A,0,4764000000000,2,0,15428,8562855
1704292201652260780,1704292201652061275,0,1,17077,T,A,0,4764000000000,1,0,15036,8562860
1704292201652429791,1704292201652263729,0,1,17077,T,A,0,4764000000000,2,0,15093,8562862
1704292201658826430,1704292201658635213,0,1,17077,T,A,0,4764000000000,1,0,15355,8562866
1704292201659019049,1704292201658829289,0,1,17077,T,A,0,4764000000000,2,0,15407,8562868
1704292201659211509,1704292201659014353,0,1,17077,T,A,0,4764000000000,2,0,15169,8562871
1704292201659386869,1704292201659214351,0,1,17077,T,A,0,4764000000000,2,0,15283,8562874
1704292201660322806,1704292201660071661,0,1,17077,T,B,0,4764250000000,6,0,16016,8562877
1704292201665905314,1704292201665675223,0,1,17077,T,B,0,4764250000000,10,0,15662,8562895
1704292201677536132,1704292201677307591,0,1,17077,T,B,0,4764250000000,8,0,15326,8562912
1704292201686416873,1704292201686179007,0,1,17077,T,A,0,4764000000000,4,0,16321,8562921
1704292201686610106,1704292201686419751,0,1,17077,T,A,0,4764000000000,2,0,16052,8562925
1704292201702856600,1704292201702617341,0,1,17077,T,A,0,4764000000000,4,0,15540,8562935
1704292201703050796,1704292201702859481,0,1,17077,T,A,0,4764000000000,2,0,15375,8562937
1704292201707032365,1704292201706834717,0,1,17077,T,A,0,4764000000000,4,0,15986,8562945
1704292201707201734,1704292201707035341,0,1,17077,T,A,0,4764000000000,2,0,15367,8562947
1704292201732904838,1704292201732727575,0,1,17077,T,A,0,4764000000000,1,0,18110,8562962
1704292201733072780,1704292201732907789,0,1,17077,T,A,0,4764000000000,2,0,15047,8562964
1704292201763571682,1704292201763381799,0,1,17077,T,A,0,4764000000000,4,0,15759,8562989
1704292201763732558,1704292201763574551,0,1,17077,T,A,0,4764000000000,2,0,15393,8562991
1704292201792525170,1704292201792339859,0,1,17077,T,A,0,4764000000000,1,0,15456,8562997
1704292201792604527,1704292201792419045,0,1,17077,T,A,0,4764000000000,2,0,14480,8562999
1704292201792716355,1704292201792528023,0,1,17077,T,A,0,4764000000000,2,0,15582,8563001
1704292201793635828,1704292201793455123,0,1,17077,T,A,0,4764000000000,2,0,15551,8563008
1704292201793831667,1704292201793638737,0,1,17077,T,A,0,4764000000000,2,0,15335,8563011
1704292201810349559,1704292201810148259,0,1,17077,T,A,0,4764000000000,1,0,17528,8563027
1704292201810512263,1704292201810352479,0,1,17077,T,A,0,4764000000000,2,0,15349,8563030
1704292201813960379,1704292201813780511,0,1,17077,T,A,0,4764000000000,1,0,16267,8563034
1704292201814154268,1704292201813963313,0,1,17077,T,A,0,4764000000000,2,0,15497,8563037
1704292201825509556,1704292201825313169,0,1,17077,T,A,0,4764000000000,1,0,16073,8563052
1704292201825699867,1704292201825512475,0,1,17077,T,A,0,4764000000000,2,0,15601,8563055
1704292201842782328,1704292201842592001,0,1,17077,T,A,0,4764000000000,1,0,15652,8563092
1704292201842965445,1704292201842785253,0,1,17077,T,A,0,4764000000000,2,0,15247,8563094
1704292201846720686,1704292201846543679,0,1,17077,T,A,0,4764000000000,1,0,15829,8563102
1704292201846905568,1704292201846723585,0,1,17077,T,A,0,4764000000000,2,0,15588,8563105
1704292201847385241,1704292201847211507,0,1,17077,T,A,0,4764000000000,1,0,15793,8563112
1704292201847565075,1704292201847388195,0,1,17077,T,A,0,4764000000000,2,0,15679,8563115
1704292201847643614,1704292201847461021,0,1,17077,T,A,0,4764000000000,2,0,13705,8563117
1704292201852220538,1704292201852057725,0,1,17077,T,A,0,4764000000000,2,0,15334,8563127
1704292201852401755,1704292201852223397,0,1,17077,T,A,0,4764000000000,2,0,15660,8563129
1704292201855104043,1704292201854960165,0,1,17077,T,A,0,4764000000000,2,0,15597,8563137
1704292201855295172,1704292201855106933,0,1,17077,T,A,0,4764000000000,2,0,15372,8563139
1704292201858771898,1704292201858574153,0,1,17077,T,A,0,4764000000000,1,0,16543,8563142
1704292201858956254,1704292201858774527,0,1,17077,T,A,0,4764000000000,2,0,15507,8563144
1704292201859419359,1704292201859197951,0,1,17077,T,A,0,4764000000000,3,0,15343,8563158
1704292201859705896,1704292201859369601,0,1,17077,T,A,0,4764000000000,8,0,16150,8563160
1704292201859857029,1704292201859369777,0,1,17077,T,A,0,4764000000000,1,0,21004,8563161
1704292201859857029,1704292201859369957,0,1,17077,T,A,0,4764000000000,9,0,21004,8563161
1704292201860409358,1704292201859897217,0,1,17077,T,B,0,4764000000000,8,0,16115,8563191
1704292201860562313,1704292201860009407,0,1,17077,T,B,0,4764000000000,1,0,15096,8563193
1704292201860773081,1704292201860363165,0,1,17077,T,B,0,4764000000000,9,0,16090,8563195
1704292201861062352,1704292201860386597,0,1,17077,T,B,0,4764000000000,1,0,20371,8563196
1704292201861062352,1704292201860415149,0,1,17077,T,B,0,4764000000000,1,0,20371,8563196
1704292201861062352,1704292201860532039,0,1,17077,T,B,0,4764000000000,4,0,20371,8563196
1704292201861067442,1704292201860596863,0,1,17077,T,B,0,4764000000000,9,0,14735,8563197
1704292201861240769,1704292201860874525,0,1,17077,T,A,0,4764000000000,2,0,16740,8563199
1704292201861354793,1704292201861119371,0,1,17077,T,A,0,4764000000000,1,0,15495,8563201
1704292201861563411,1704292201861357735,0,1,17077,T,A,0,4764000000000,1,0,15483,8563209
1704292201861748980,1704292201861549349,0,1,17077,T,A,0,4764000000000,3,0,15640,8563213
1704292201863711016,1704292201863514983,0,1,17077,T,B,0,4764250000000,1,0,16005,8563221
1704292201864626827,1704292201864443219,0,1,17077,T,A,0,4764000000000,2,0,15508,8563238
1704292201891127476,1704292201890908285,0,1,17077,T,A,0,4764000000000,1,0,16167,8563262
1704292201918846356,1704292201918647665,0,1,17077,T,A,0,4764000000000,1,0,15831,8563297
1704292201924721043,1704292201924525991,0,1,17077,T,A,0,4764000000000,1,0,15700,8563307
1704292201925207192,1704292201925032057,0,1,17077,T,A,0,4764000000000,1,0,15629,8563310
1704292201925393785,1704292201925201883,0,1,17077,T,A,0,4764000000000,2,0,15455,8563314
1704292201925583782,1704292201925378893,0,1,17077,T,A,0,4764000000000,2,0,15919,8563316
1704292201925652179,1704292201925402829,0,1,17077,T,A,0,4764000000000,1,0,15506,8563317
1704292201925652179,1704292201925453221,0,1,17077,T,A,0,4764000000000,1,0,15506,8563317
1704292201934749888,1704292201934546989,0,1,17077,T,A,0,4764000000000,1,0,15391,8563331
1704292201934910221,1704292201934744335,0,1,17077,T,A,0,4764000000000,1,0,14478,8563333
1704292201945761400,1704292201945563245,0,1,17077,T,A,0,4764000000000,1,0,15548,8563358
1704292201964803334,1704292201964621125,0,1,17077,T,A,0,4764000000000,4,0,15809,8563371
1704292201973425103,1704292201973196485,0,1,17077,T,B,0,4764250000000,5,0,15845,8563381
1704292201974628660,1704292201974429531,0,1,17077,T,B,0,4764250000000,1,0,16131,8563387
1704292201982491156,1704292201982266131,0,1,17077,T,B,0,4764250000000,4,0,15851,8563397
1704292201990778492,1704292201990570111,0,1,17077,T,B,0,4764250000000,2,0,15787,8563409
1704292202002433829,1704292202002178865,0,1,17077,T,B,0,4764250000000,5,0,16541,8563416
1704292202020141427,1704292202019856423,0,1,17077,T,A,0,4764000000000,6,0,15621,8563468
1704292202020247029,1704292202020063851,0,1,17077,T,A,0,4764000000000,1,0,15815,8563470
1704292202020298663,1704292202020095409,0,1,17077,T,A,0,4764000000000,1,0,14039,8563471
1704292202020359205,1704292202020153615,0,1,17077,T,A,0,4764000000000,1,0,16987,8563472
1704292202020422051,1704292202020223913,0,1,17077,T,A,0,4764000000000,1,0,13563,8563473
1704292202020466635,1704292202020227003,0,1,17077,T,A,0,4764000000000,1,0,17170,8563474
1704292202057878968,1704292202057151235,0,1,17077,T,B,0,4764000000000,1,0,15436,8563599
1704292202058116989,1704292202057913359,0,1,17077,T,B,0,4764000000000,2,0,15262,8563603
1704292202066328347,1704292202065958325,0,1,17077,T,B,0,4764000000000,34,0,15876,8563609
1704292202066797852,1704292202066350381,0,1,17077,T,A,0,4764000000000,1,0,15427,8563634
1704292202105834511,1704292202105568303,0,1,17077,T,B,0,4764250000000,5,0,15723,8563681
1704292202115610023,1704292202115414753,0,1,17077,T,A,0,4764000000000,1,0,15690,8563700
1704292202118440621,1704292202118250925,0,1,17077,T,B,0,4764250000000,1,0,16099,8563703
1704292202149368428,1704292202149149555,0,1,17077,T,A,0,4764000000000,1,0,15511,8563719
1704292202151268221,1704292202151075199,0,1,17077,T,A,0,4764000000000,1,0,15733,8563726
1704292202151463391,1704292202151276137,0,1,17077,T,A,0,4764000000000,1,0,16710,8563728
1704292202152694943,1704292202152511513,0,1,17077,T,A,0,4764000000000,1,0,15867,8563732
1704292202157591217,1704292202157416443,0,1,17077,T,A,0,4764000000000,1,0,15918,8563737
1704292202159413937,1704292202159214967,0,1,17077,T,A,0,4764000000000,1,0,16061,8563745
1704292202159739210,1704292202159559651,0,1,17077,T,A,0,4764000000000,1,0,15692,8563751
1704292202166679828,1704292202166461705,0,1,17077,T,A,0,4764000000000,4,0,15685,8563759
1704292202166850380,1704292202166663025,0,1,17077,T,A,0,4764000000000,2,0,15376,8563761
1704292202166896377,1704292202166683435,0,1,17077,T,A,0,4764000000000,1,0,14976,8563762
1704292202166979190,1704292202166783087,0,1,17077,T,A,0,4764000000000,1,0,15856,8563763
1704292202167139602,1704292202166909641,0,1,17077,T,A,0,4764000000000,5,0,16750,8563767
1704292202209218283,1704292202208976837,0,1,17077,T,A,0,4763750000000,1,0,17808,8563859
1704292202209246955,1704292202208979921,0,1,17077,T,B,0,4764000000000,1,0,13923,8563860
1704292202237683726,1704292202237443571,0,1,17077,T,A,0,4763750000000,3,0,15749,8563892
1704292202267569333,1704292202267359921,0,1,17077,T,A,0,4763750000000,4,0,16815,8563924
1704292202268180790,1704292202267978931,0,1,17077,T,A,0,4763750000000,4,0,16875,8563929
1704292202270700112,1704292202270349165,0,1,17077,T,A,0,4763750000000,65,0,16515,8563932
1704292202270869174,1704292202270639987,0,1,17077,T,A,0,4763750000000,1,0,15480,8563938
1704292202270955183,1704292202270673817,0,1,17077,T,A,0,4763750000000,1,0,15603,8563939
1704292202270955183,1704292202270702917,0,1,17077,T,A,0,4763750000000,3,0,15603,8563939
1704292202271038327,1704292202270703273,0,1,17077,T,A,0,4763750000000,7,0,18632,8563940
1704292202272273486,1704292202272052123,0,1,17077,T,B,0,4763750000000,4,0,15586,8564010
1704292202273204042,1704292202272896775,0,1,17077,T,B,0,4763750000000,21,0,15680,8564019
1704292202273284992,1704292202273090405,0,1,17077,T,B,0,4763750000000,1,0,13770,8564021
1704292202273447194,1704292202273149551,0,1,17077,T,B,0,4763750000000,1,0,16041,8564022
1704292202273817139,1704292202273368197,0,1,17077,T,A,0,4763750000000,1,0,15438,8564028
1704292202274051587,1704292202273858335,0,1,17077,T,A,0,4763750000000,1,0,15408,8564034
1704292202278970604,1704292202278733145,0,1,17077,T,A,0,4763750000000,7,0,15517,8564046
1704292202279191172,1704292202278921237,0,1,17077,T,A,0,4763750000000,1,0,15419,8564048
1704292202279246605,1704292202278921565,0,1,17077,T,A,0,4763750000000,2,0,15412,8564050
1704292202279612341,1704292202279428315,0,1,17077,T,B,0,4763750000000,2,0,15918,8564068
1704292202279812314,1704292202279616657,0,1,17077,T,B,0,4763750000000,1,0,16646,8564071
1704292202325806000,1704292202325588607,0,1,17077,T,A,0,4763500000000,1,0,16698,8564170
1704292202326004830,1704292202325809205,0,1,17077,T,A,0,4763500000000,1,0,15436,8564175
1704292202326155937,1704292202325981113,0,1,17077,T,A,0,4763500000000,1,0,15802,8564177
1704292202326359717,1704292202326151747,0,1,17077,T,A,0,4763500000000,2,0,15569,8564179
1704292202326646132,1704292202326465637,0,1,17077,T,A,0,4763500000000,1,0,15435,8564184
1704292202326820494,1704292202326635009,0,1,17077,T,A,0,4763500000000,1,0,15277,8564187
1704292202326887471,1704292202326635185,0,1,17077,T,A,0,4763500000000,2,0,15026,8564188
1704292202326887471,1704292202326635365,0,1,17077,T,A,0,4763500000000,1,0,15026,8564188
1704292202327073854,1704292202326891645,0,1,17077,T,A,0,4763500000000,1,0,15454,8564192
1704292202327118750,1704292202326891823,0,1,17077,T,A,0,4763500000000,8,0,15412,8564193
1704292202327260866,1704292202327076839,0,1,17077,T,A,0,4763500000000,1,0,16152,8564195
1704292202327406500,1704292202327082823,0,1,17077,T,A,0,4763500000000,56,0,15799,8564197
1704292202337332801,1704292202337083031,0,1,17077,T,A,0,4763250000000,1,0,15904,8564308
1704292202337342062,1704292202337083031,0,1,17077,T,A,0,4763250000000,1,0,14046,8564309
1704292202342718189,1704292202342533711,0,1,17077,T,A,0,4763250000000,1,0,15601,8564322
1704292202347353660,1704292202347135835,0,1,17077,T,A,0,4763250000000,4,0,16049,8564324
1704292202421584520,1704292202421372573,0,1,17077,T,A,0,4763250000000,1,0,16212,8564387
1704292202454633667,1704292202454431553,0,1,17077,T,A,0,4763250000000,1,0,16306,8564399
1704292202462214507,1704292202462008557,0,1,17077,T,A,0,4763250000000,1,0,16292,8564408
1704292202463018199,1704292202462593681,0,1,17077,T,A,0,4763250000000,81,0,16972,8564418
1704292202469811436,1704292202469508213,0,1,17077,T,B,0,4763250000000,18,0,18058,8564545
1704292202470014059,1704292202469720741,0,1,17077,T,B,0,4763250000000,17,0,15747,8564547
1704292202472297478,1704292202472053239,0,1,17077,T,A,0,4763250000000,4,0,15538,8564573
1704292202472505988,1704292202472275975,0,1,17077,T,A,0,4763250000000,4,0,15533,8564575
1704292202481489309,1704292202481291133,0,1,17077,T,B,0,4763250000000,1,0,15671,8564610
1704292202483094196,1704292202482904961,0,1,17077,T,B,0,4763250000000,2,0,15585,8564622
1704292202487720521,1704292202487532473,0,1,17077,T,B,0,4763250000000,1,0,15537,8564628
1704292202487894483,1704292202487722455,0,1,17077,T,B,0,4763250000000,1,0,16861,8564630
1704292202501054121,1704292202500844755,0,1,17077,T,A,0,4763250000000,1,0,16044,8564668
1704292202501250467,1704292202501043241,0,1,17077,T,A,0,4763250000000,2,0,16617,8564670
1704292202513927899,1704292202513740411,0,1,17077,T,A,0,4763250000000,1,0,16029,8564701
1704292202514279801,1704292202514110421,0,1,17077,T,A,0,4763250000000,1,0,15132,8564708
1704292202584983009,1704292202584763091,0,1,17077,T,A,0,4763250000000,2,0,15940,8564765
1704292202588239430,1704292202588029749,0,1,17077,T,A,0,4763250000000,4,0,15641,8564775
1704292202644766497,1704292202644571917,0,1,17077,T,A,0,4763250000000,1,0,15762,8564828
1704292202648497445,1704292202648290977,0,1,17077,T,A,0,4763250000000,4,0,15316,8564833
1704292202657810029,1704292202657624739,0,1,17077,T,A,0,4763250000000,1,0,15513,8564848
1704292202659447585,1704292202659263701,0,1,17077,T,A,0,4763250000000,1,0,15830,8564853
1704292202659773571,1704292202659615255,0,1,17077,T,A,0,4763250000000,1,0,18068,8564856
1704292202666873093,1704292202666677377,0,1,17077,T,B,0,4763500000000,1,0,15423,8564861
1704292202666892190,1704292202666678565,0,1,17077,T,A,0,4763250000000,2,0,14206,8564862
1704292202670922443,1704292202670698593,0,1,17077,T,A,0,4763250000000,4,0,15560,8564866
1704292202679989603,1704292202679791229,0,1,17077,T,A,0,4763250000000,1,0,17605,8564871
1704292202680493104,1704292202680133393,0,1,17077,T,A,0,4763250000000,30,0,16496,8564875
1704292202680649377,1704292202680133571,0,1,17077,T,A,0,4763250000000,1,0,20537,8564876
1704292202680777086,1704292202680444953,0,1,17077,T,A,0,4763250000000,1,0,16268,8564878
1704292202680863862,1704292202680504541,0,1,17077,T,A,0,4763250000000,3,0,17700,8564879
1704292202681031701,1704292202680692693,0,1,17077,T,A,0,4763250000000,5,0,15786,8564881
1704292202681151905,1704292202680827935,0,1,17077,T,A,0,4763250000000,1,0,17745,8564883
1704292202681428141,1704292202681172115,0,1,17077,T,A,0,4763250000000,1,0,15494,8564891
1704292202681903595,1704292202681730979,0,1,17077,T,A,0,4763250000000,1,0,15500,8564893
1704292202681943550,1704292202681731855,0,1,17077,T,A,0,4763250000000,1,0,14492,8564894
1704292202697382084,1704292202697050529,0,1,17077,T,B,0,4763250000000,16,0,16147,8564934
1704292202698888132,1704292202698700205,0,1,17077,T,A,0,4763250000000,2,0,15877,8564961
1704292202700094274,1704292202699921163,0,1,17077,T,A,0,4763250000000,1,0,15465,8564973
1704292202701529643,1704292202701290651,0,1,17077,T,A,0,4763250000000,7,0,16094,8564976
1704292202701792552,1704292202701546897,0,1,17077,T,B,0,4763250000000,1,0,15493,8564987
1704292202708947343,1704292202708741169,0,1,17077,T,B,0,4763250000000,1,0,15586,8565009
1704292202709181401,1704292202708955527,0,1,17077,T,B,0,4763250000000,4,0,15793,8565011
1704292202722385953,1704292202722186871,0,1,17077,T,A,0,4763250000000,1,0,15779,8565040
1704292202722554073,1704292202722375269,0,1,17077,T,A,0,4763250000000,2,0,15438,8565042
1704292202735535043,1704292202735321261,0,1,17077,T,A,0,4763250000000,1,0,17064,8565083
1704292202771305243,1704292202771110387,0,1,17077,T,A,0,4763250000000,1,0,15563,8565103
1704292202772465206,1704292202772286873,0,1,17077,T,A,0,4763250000000,1,0,15592,8565110
1704292202773224447,1704292202773032939,0,1,17077,T,A,0,4763250000000,1,0,15726,8565115
1704292202808794665,1704292202808586295,0,1,17077,T,A,0,4763250000000,1,0,15406,8565149
1704292202822375361,1704292202822151795,0,1,17077,T,A,0,4763250000000,4,0,16273,8565157
1704292202824024401,1704292202823818859,0,1,17077,T,A,0,4763250000000,4,0,15905,8565165
1704292202829049967,1704292202828854679,0,1,17077,T,A,0,4763250000000,1,0,15948,8565173
1704292202885626798,1704292202885422741,0,1,17077,T,B,0,4763500000000,2,0,15405,8565209
1704292202927877328,1704292202927681179,0,1,17077,T,B,0,4763500000000,2,0,16158,8565248
1704292202928190724,1704292202927998653,0,1,17077,T,B,0,4763500000000,1,0,15310,8565251
1704292202950315520,1704292202950125335,0,1,17077,T,A,0,4763250000000,1,0,15516,8565289
1704292202950469914,1704292202950284327,0,1,17077,T,A,0,4763250000000,1,0,15724,8565291
1704292202950505005,1704292202950287283,0,1,17077,T,A,0,4763250000000,1,0,13781,8565292
1704292202951097929,1704292202950911529,0,1,17077,T,A,0,4763250000000,2,0,15882,8565300
1704292202951124322,1704292202950911705,0,1,17077,T,A,0,4763250000000,1,0,13825,8565301
1704292202951263382,1704292202951082803,0,1,17077,T,A,0,4763250000000,2,0,16582,8565302
1704292202951328035,1704292202951110201,0,1,17077,T,A,0,4763250000000,1,0,14966,8565303
1704292202951328035,1704292202951110457,0,1,17077,T,A,0,4763250000000,1,0,14966,8565303
1704292202951496596,1704292202951336149,0,1,17077,T,A,0,4763250000000,1,0,15370,8565306
1704292202951706336,1704292202951535269,0,1,17077,T,A,0,4763250000000,1,0,16512,8565309
1704292202952079050,1704292202951741371,0,1,17077,T,A,0,4763250000000,15,0,16861,8565314
1704292202952232005,1704292202952056329,0,1,17077,T,A,0,4763250000000,1,0,15622,8565317
1704292202952460922,1704292202952115411,0,1,17077,T,B,0,4763250000000,1,0,16790,8565327
1704292202952510268,1704292202952161523,0,1,17077,T,B,0,4763250000000,1,0,15273,8565328
1704292202952669921,1704292202952290153,0,1,17077,T,B,0,4763250000000,1,0,16449,8565330
1704292202952669921,1704292202952331095,0,1,17077,T,B,0,4763250000000,1,0,16449,8565330
1704292202954214649,1704292202953965083,0,1,17077,T,B,0,4763250000000,4,0,15541,8565352
1704292202954512454,1704292202954177989,0,1,17077,T,B,0,4763250000000,12,0,15964,8565354
1704292202957133819,1704292202956754667,0,1,17077,T,A,0,4763250000000,27,0,16308,8565381
1704292202957645721,1704292202957184933,0,1,17077,T,A,0,4763000000000,1,0,15316,8565403
1704292202957671069,1704292202957184933,0,1,17077,T,A,0,4763000000000,1,0,18188,8565404
1704292202964805883,1704292202964567489,0,1,17077,T,B,0,4763250000000,1,0,15926,8565522
1704292203009519799,1704292203009267213,0,1,17077,T,A,0,4763000000000,1,0,19512,8565588
1704292203010442394,1704292203010240669,0,1,17077,T,B,0,4763250000000,2,0,17920,8565593
1704292203026815121,1704292203026582577,0,1,17077,T,A,0,4763000000000,1,0,15424,8565635
1704292203027000188,1704292203026807579,0,1,17077,T,A,0,4763000000000,2,0,15762,8565637
1704292203036116860,1704292203035931387,0,1,17077,T,A,0,4763000000000,1,0,15421,8565652
1704292203036393772,1704292203036128805,0,1,17077,T,A,0,4763000000000,5,0,15898,8565655
1704292203036467308,1704292203036135421,0,1,17077,T,A,0,4763000000000,1,0,16991,8565656
1704292203036467308,1704292203036206537,0,1,17077,T,A,0,4763000000000,35,0,16991,8565656
1704292203036624702,1704292203036344993,0,1,17077,T,A,0,4763000000000,35,0,15843,8565657
1704292203036668011,1704292203036411137,0,1,17077,T,A,0,4763000000000,7,0,15868,8565658
1704292203037423101,1704292203036831911,0,1,17077,T,B,0,4763000000000,1,0,15550,8565705
1704292203127735884,1704292203127438075,0,1,17077,T,A,0,4762750000000,4,0,15534,8565837
1704292203127745918,1704292203127438075,0,1,17077,T,A,0,4762750000000,1,0,13904,8565838
1704292203127745918,1704292203127438075,0,1,17077,T,A,0,4762750000000,1,0,13904,8565838
1704292203136553804,1704292203136354149,0,1,17077,T,A,0,4762750000000,1,0,15973,8565841
1704292203137051386,1704292203136812785,0,1,17077,T,A,0,4762750000000,4,0,15950,8565843
1704292203163681340,1704292203163461977,0,1,17077,T,A,0,4762750000000,1,0,15617,8565898
1704292203203655345,1704292203203437497,0,1,17077,T,A,0,4762750000000,1,0,15519,8565913
1704292203267648481,1704292203267359443,0,1,17077,T,A,0,4762750000000,4,0,15611,8565977
1704292203267869689,1704292203267627029,0,1,17077,T,A,0,4762750000000,5,0,15885,8565979
1704292203267902855,1704292203267661487,0,1,17077,T,A,0,4762750000000,1,0,15602,8565980
1704292203273480340,1704292203273323375,0,1,17077,T,A,0,4762750000000,1,0,15583,8566013
1704292203277412882,1704292203277226869,0,1,17077,T,B,0,4763000000000,1,0,15614,8566019
1704292203302541729,1704292203302147013,0,1,17077,T,A,0,4762750000000,41,0,16589,8566029
1704292203303211753,1704292203302736739,0,1,17077,T,B,0,4762750000000,1,0,15973,8566068
1704292203305482500,1704292203305118425,0,1,17077,T,B,0,4762750000000,28,0,15971,8566109
1704292203305785784,1704292203305502363,0,1,17077,T,A,0,4762750000000,1,0,15448,8566127
1704292203305887126,1704292203305534361,0,1,17077,T,A,0,4762750000000,1,0,18200,8566128
1704292203305887126,1704292203305552185,0,1,17077,T,A,0,4762750000000,2,0,18200,8566128
1704292203306059501,1704292203305807617,0,1,17077,T,A,0,4762750000000,3,0,15414,8566135
1704292203306140051,1704292203305807801,0,1,17077,T,A,0,4762750000000,2,0,15873,8566136
1704292203306140051,1704292203305807993,0,1,17077,T,A,0,4762750000000,1,0,15873,8566136
1704292203306246310,1704292203305835777,0,1,17077,T,B,0,4762750000000,6,0,19309,8566137
1704292203306246310,1704292203305905063,0,1,17077,T,A,0,4762750000000,1,0,19309,8566137
1704292203306313783,1704292203306015171,0,1,17077,T,A,0,4762750000000,2,0,14276,8566138
1704292203306387181,1704292203306025757,0,1,17077,T,B,0,4762750000000,1,0,15914,8566139
1704292203320513078,1704292203320282715,0,1,17077,T,A,0,4762750000000,10,0,15800,8566174
1704292203337693667,1704292203337497415,0,1,17077,T,B,0,4762750000000,1,0,15860,8566223
1704292203375588873,1704292203375224973,0,1,17077,T,A,0,4762500000000,5,0,15783,8566270
1704292203375601540,1704292203375224973,0,1,17077,T,A,0,4762500000000,1,0,14189,8566271
1704292203375601540,1704292203375224973,0,1,17077,T,A,0,4762500000000,1,0,14189,8566271
1704292203375601540,1704292203375224973,0,1,17077,T,A,0,4762500000000,3,0,14189,8566271
1704292203375601540,1704292203375224973,0,1,17077,T,A,0,4762500000000,1,0,14189,8566271
1704292203407651884,1704292203407441187,0,1,17077,T,B,0,4762750000000,1,0,15222,8566315
1704292203407831984,1704292203407636333,0,1,17077,T,B,0,4762750000000,2,0,15403,8566320
1704292203408027051,1704292203407636507,0,1,17077,T,B,0,4762750000000,58,0,16072,8566322
1704292203408251049,1704292203408030139,0,1,17077,T,B,0,4762750000000,1,0,15579,8566326
1704292203408435533,1704292203408070591,0,1,17077,T,A,0,4762750000000,1,0,16085,8566333
1704292203408672939,1704292203408167595,0,1,17077,T,A,0,4762750000000,2,0,16620,8566337
1704292203408799159,1704292203408167787,0,1,17077,T,A,0,4762750000000,4,0,20221,8566338
1704292203408799159,1704292203408167973,0,1,17077,T,A,0,4762750000000,2,0,20221,8566338
1704292203408995873,1704292203408439405,0,1,17077,T,A,0,4762750000000,1,0,19674,8566339
1704292203408995873,1704292203408439583,0,1,17077,T,A,0,4762750000000,5,0,19674,8566339
1704292203409265725,1704292203408633353,0,1,17077,T,A,0,4762750000000,2,0,17499,8566341
1704292203409433374,1704292203409033789,0,1,17077,T,A,0,4762750000000,1,0,19356,8566343
1704292203409433374,1704292203409040655,0,1,17077,T,A,0,4762750000000,1,0,19356,8566343
1704292203409756974,1704292203409576767,0,1,17077,T,B,0,4762750000000,1,0,15364,8566355
1704292203410215671,1704292203409964545,0,1,17077,T,B,0,4762750000000,13,0,15902,8566360
1704292203419559364,1704292203419347881,0,1,17077,T,B,0,4763000000000,1,0,15132,8566395
1704292203424766684,1704292203424558571,0,1,17077,T,A,0,4762750000000,1,0,15884,8566408
1704292203446423389,1704292203446231903,0,1,17077,T,A,0,4762750000000,1,0,15945,8566429
1704292203458978826,1704292203458776953,0,1,17077,T,A,0,4762750000000,2,0,16178,8566438
1704292203463824183,1704292203463635393,0,1,17077,T,B,0,4763000000000,1,0,15305,8566443
1704292203467292985,1704292203466700345,0,1,17077,T,A,0,4762750000000,4,0,403958,8566449
1704292203473297024,1704292203473112905,0,1,17077,T,A,0,4762750000000,1,0,16816,8566462
1704292203476258199,1704292203476083809,0,1,17077,T,B,0,4763000000000,2,0,15869,8566471
1704292203517788710,1704292203517574705,0,1,17077,T,B,0,4763000000000,1,0,15574,8566536
1704292203523537961,1704292203523324529,0,1,17077,T,A,0,4762750000000,4,0,15851,8566557
1704292203528639885,1704292203528435123,0,1,17077,T,A,0,4762750000000,3,0,17321,8566564
1704292203530375000,1704292203530161201,0,1,17077,T,A,0,4762750000000,4,0,17105,8566572
1704292203537052422,1704292203536857095,0,1,17077,T,A,0,4762750000000,1,0,15777,8566580
1704292203547370657,1704292203547187629,0,1,17077,T,A,0,4762750000000,1,0,15729,8566582
1704292203548312810,1704292203548132553,0,1,17077,T,A,0,4762750000000,2,0,15554,8566585
1704292203585389182,1704292203585192597,0,1,17077,T,B,0,4763000000000,2,0,15417,8566602
1704292203637284038,1704292203636880735,0,1,17077,T,A,0,4762750000000,23,0,17638,8566643
1704292203637572281,1704292203637188319,0,1,17077,T,A,0,4762750000000,23,0,17107,8566646
1704292203695257793,1704292203695055001,0,1,17077,T,B,0,4762750000000,1,0,15997,8566727
1704292203704000576,1704292203701354173,0,1,17077,T,B,0,4762750000000,7,0,15837,8566754
1704292203704145457,1704292203701354359,0,1,17077,T,B,0,4762750000000,1,0,19958,8566755
1704292203704145457,1704292203701354535,0,1,17077,T,B,0,4762750000000,3,0,19958,8566755
1704292203704145457,1704292203701354735,0,1,17077,T,B,0,4762750000000,1,0,19958,8566755
1704292203704145457,1704292203701388629,0,1,17077,T,B,0,4762750000000,2,0,19958,8566755
1704292203704191121,1704292203701388815,0,1,17077,T,B,0,4762750000000,2,0,16017,8566756
1704292203704191121,1704292203701389007,0,1,17077,T,B,0,4762750000000,2,0,16017,8566756
1704292203772888969,1704292203772588503,0,1,17077,T,A,0,4762750000000,8,0,16065,8566861
1704292203782297605,1704292203782030047,0,1,17077,T,A,0,4762750000000,1,0,16341,8566887
1704292203782805796,1704292203782093861,0,1,17077,T,A,0,4762750000000,1,0,17277,8566889
1704292203877861634,1704292203877647655,0,1,17077,T,A,0,4762750000000,1,0,16038,8566921
1704292203892420876,1704292203892221827,0,1,17077,T,A,0,4762750000000,1,0,15580,8566925
1704292203927235136,1704292203927021059,0,1,17077,T,A,0,4762750000000,2,0,16282,8566951
1704292203927547696,1704292203927376707,0,1,17077,T,A,0,4762750000000,1,0,16683,8566953
1704292203927697858,1704292203927525697,0,1,17077,T,A,0,4762750000000,1,0,15534,8566956
1704292203933419682,1704292203933223535,0,1,17077,T,A,0,4762750000000,4,0,15529,8566961
1704292203935400528,1704292203935201709,0,1,17077,T,A,0,4762750000000,4,0,14093,8566969
1704292203936578031,1704292203936396081,0,1,17077,T,A,0,4762750000000,1,0,15979,8566974
1704292203937050224,1704292203936866877,0,1,17077,T,A,0,4762750000000,4,0,15553,8566977
1704292203937216808,1704292203937054465,0,1,17077,T,A,0,4762750000000,1,0,16588,8566979
1704292203937282081,1704292203937054641,0,1,17077,T,A,0,4762750000000,6,0,14833,8566980
1704292203937696927,1704292203937380193,0,1,17077,T,B,0,4762750000000,1,0,15797,8567003
1704292203967483803,1704292203967252005,0,1,17077,T,B,0,4762750000000,5,0,15490,8567074
1704292203967674885,1704292203967467247,0,1,17077,T,B,0,4762750000000,1,0,15351,8567081
1704292203967798504,1704292203967551847,0,1,17077,T,B,0,4762750000000,2,0,15453,8567083
1704292203967854075,1704292203967605005,0,1,17077,T,B,0,4762750000000,3,0,14919,8567084
1704292203967987969,1704292203967817347,0,1,17077,T,A,0,4762750000000,1,0,15276,8567086
1704292203968088021,1704292203967873731,0,1,17077,T,A,0,4762750000000,1,0,16633,8567088
1704292203968220522,1704292203968043551,0,1,17077,T,B,0,4762750000000,1,0,16780,8567091
1704292203968256371,1704292203968043993,0,1,17077,T,B,0,4762750000000,1,0,15773,8567092
1704292203968392866,1704292203968222697,0,1,17077,T,B,0,4762750000000,1,0,16223,8567094
1704292203972562590,1704292203972378033,0,1,17077,T,A,0,4762500000000,1,0,15575,8567114
1704292203996116732,1704292203995930643,0,1,17077,T,A,0,4762500000000,4,0,15871,8567125
1704292204000454371,1704292204000252835,0,1,17077,T,B,0,4762750000000,2,0,15926,8567132
1704292204000817889,1704292204000584297,0,1,17077,T,B,0,4762750000000,8,0,15740,8567138
1704292204006054368,1704292204005861061,0,1,17077,T,A,0,4762750000000,1,0,15516,8567185
1704292204018043873,1704292204017849959,0,1,17077,T,A,0,4762750000000,1,0,15571,8567216
1704292204024276979,1704292204023977985,0,1,17077,T,A,0,4762750000000,9,0,15955,8567245
1704292204035846461,1704292204035543019,0,1,17077,T,A,0,4762750000000,8,0,15763,8567259
1704292204091300394,1704292204091094401,0,1,17077,T,A,0,4762750000000,1,0,15812,8567324
1704292204113831947,1704292204113594367,0,1,17077,T,A,0,4762750000000,4,0,15778,8567339
1704292204115506980,1704292204115283287,0,1,17077,T,A,0,4762750000000,4,0,15878,8567342
1704292204123694878,1704292204123512185,0,1,17077,T,A,0,4762750000000,1,0,15900,8567348
1704292204200881524,1704292204200675803,0,1,17077,T,A,0,4762750000000,1,0,16146,8567441
1704292204267607489,1704292204267359409,0,1,17077,T,A,0,4762750000000,3,0,16748,8567503
1704292204310730276,1704292204310518749,0,1,17077,T,B,0,4763000000000,2,0,15468,8567548
1704292204310918999,1704292204310518925,0,1,17077,T,B,0,4763000000000,59,0,16269,8567550
1704292204311043780,1704292204310545013,0,1,17077,T,B,0,4763000000000,70,0,18656,8567551
1704292204311127469,1704292204310733171,0,1,17077,T,B,0,4763000000000,20,0,15027,8567553
1704292204322911085,1704292204322682447,0,1,17077,T,B,0,4763250000000,1,0,15503,8567651
1704292204323591123,1704292204323405399,0,1,17077,T,A,0,4763000000000,2,0,15428,8567659
1704292204334288359,1704292204334079927,0,1,17077,T,A,0,4763000000000,2,0,17006,8567675
1704292204336805991,1704292204336519067,0,1,17077,T,A,0,4763000000000,15,0,16105,8567679
1704292204336920195,1704292204336734181,0,1,17077,T,A,0,4763000000000,2,0,15348,8567681
1704292204337162963,1704292204336734359,0,1,17077,T,A,0,4763000000000,58,0,16232,8567683
1704292204350583603,1704292204350385541,0,1,17077,T,B,0,4763000000000,1,0,15877,8567755
1704292204363306573,1704292204363127249,0,1,17077,T,B,0,4763000000000,1,0,15186,8567775
1704292204401036687,1704292204400803345,0,1,17077,T,B,0,4763000000000,3,0,15808,8567788
1704292204401253492,1704292204401053733,0,1,17077,T,B,0,4763000000000,3,0,15473,8567791
1704292204422467821,1704292204422294383,0,1,17077,T,A,0,4762750000000,1,0,16047,8567810
1704292204427352811,1704292204427170019,0,1,17077,T,A,0,4762750000000,1,0,16967,8567820
1704292204427507512,1704292204427347711,0,1,17077,T,A,0,4762750000000,1,0,15287,8567823
1704292204428334776,1704292204428168427,0,1,17077,T,A,0,4762750000000,1,0,15445,8567827
1704292204437462862,1704292204437281407,0,1,17077,T,A,0,4762750000000,4,0,15381,8567834
1704292204438232784,1704292204438070871,0,1,17077,T,A,0,4762750000000,4,0,15619,8567837
1704292204452043283,1704292204451854833,0,1,17077,T,A,0,4762750000000,1,0,15491,8567848
1704292204478712493,1704292204478551075,0,1,17077,T,A,0,4762750000000,1,0,15714,8567855
1704292204482295082,1704292204482136711,0,1,17077,T,A,0,4762750000000,1,0,15660,8567860
1704292204483334743,1704292204483182429,0,1,17077,T,A,0,4762750000000,1,0,15827,8567870
1704292204484937151,1704292204484656355,0,1,17077,T,A,0,4762750000000,14,0,16068,8567879
1704292204485028914,1704292204484656547,0,1,17077,T,A,0,4762750000000,4,0,16512,8567880
1704292204485028914,1704292204484656799,0,1,17077,T,A,0,4762750000000,2,0,16512,8567880
1704292204485112854,1704292204484685399,0,1,17077,T,A,0,4762750000000,7,0,17962,8567881
1704292204517734018,1704292204517358931,0,1,17077,T,A,0,4762500000000,20,0,16084,8567982
1704292204532641043,1704292204532427335,0,1,17077,T,A,0,4762500000000,1,0,15549,8568026
1704292204592368536,1704292204592152255,0,1,17077,T,A,0,4762500000000,1,0,15372,8568052
1704292204604867500,1704292204604568743,0,1,17077,T,A,0,4762500000000,24,0,16278,8568068
1704292204605244305,1704292204604848355,0,1,17077,T,A,0,4762500000000,22,0,16189,8568071
1704292204605419613,1704292204605180195,0,1,17077,T,A,0,4762500000000,2,0,15746,8568076
1704292204605468452,1704292204605181897,0,1,17077,T,A,0,4762500000000,1,0,14954,8568077
1704292204605560578,1704292204605257421,0,1,17077,T,A,0,4762500000000,1,0,16987,8568078
1704292204605811348,1704292204605443371,0,1,17077,T,A,0,4762500000000,1,0,15856,8568090
1704292204605997664,1704292204605759961,0,1,17077,T,B,0,4762500000000,1,0,15722,8568096
1704292204606369067,1704292204606078637,0,1,17077,T,B,0,4762500000000,11,0,15536,8568114
1704292204606563831,1704292204606318255,0,1,17077,T,B,0,4762500000000,4,0,16294,8568119
1704292204606725214,1704292204606545587,0,1,17077,T,A,0,4762500000000,1,0,15414,8568122
1704292204606806378,1704292204606567001,0,1,17077,T,B,0,4762500000000,1,0,15396,8568123
1704292204606874047,1704292204606643601,0,1,17077,T,A,0,4762500000000,1,0,16292,8568124
1704292204606912989,1704292204606655385,0,1,17077,T,A,0,4762500000000,2,0,13931,8568125
1704292204607052074,1704292204606884103,0,1,17077,T,B,0,4762500000000,1,0,13419,8568130
1704292204607597175,1704292204607387653,0,1,17077,T,B,0,4762500000000,5,0,15307,8568146
1704292204607949635,1704292204607720243,0,1,17077,T,B,0,4762500000000,4,0,15401,8568151
1704292204613185528,1704292204612994425,0,1,17077,T,A,0,4762500000000,1,0,15751,8568182
1704292204614928605,1704292204614705451,0,1,17077,T,A,0,4762500000000,4,0,15529,8568184
1704292204617124008,1704292204616926007,0,1,17077,T,A,0,4762500000000,4,0,15607,8568197
1704292204619701081,1704292204619444645,0,1,17077,T,A,0,4762500000000,11,0,15685,8568202
1704292204628020184,1704292204627822521,0,1,17077,T,A,0,4762500000000,1,0,15613,8568234
1704292204658296607,1704292204658047653,0,1,17077,T,A,0,4762500000000,7,0,15763,8568289
1704292204672292175,1704292204672050253,0,1,17077,T,B,0,4762500000000,5,0,15625,8568334
1704292204672510976,1704292204672302779,0,1,17077,T,A,0,4762500000000,2,0,15648,8568345
1704292204672618774,1704292204672349839,0,1,17077,T,A,0,4762500000000,3,0,15999,8568347
1704292204672673510,1704292204672358217,0,1,17077,T,A,0,4762500000000,2,0,14966,8568348
1704292204672873190,1704292204672625737,0,1,17077,T,A,0,4762500000000,6,0,15599,8568351
1704292204677222118,1704292204677011999,0,1,17077,T,B,0,4762500000000,1,0,15644,8568371
1704292204684170799,1704292204683986559,0,1,17077,T,A,0,4762500000000,1,0,15911,8568384
1704292204697116614,1704292204696910367,0,1,17077,T,A,0,4762500000000,3,0,15537,8568408
1704292204713614356,1704292204713439287,0,1,17077,T,A,0,4762500000000,1,0,15393,8568430
1704292204728008155,1704292204727813349,0,1,17077,T,B,0,4762500000000,1,0,15368,8568478
1704292204761605942,1704292204761401701,0,1,17077,T,B,0,4762500000000,1,0,15864,8568509
1704292204831250902,1704292204830830769,0,1,17077,T,A,0,4762250000000,4,0,15794,8568599
1704292204831260604,1704292204830830769,0,1,17077,T,A,0,4762250000000,5,0,13630,8568600
1704292204831260604,1704292204830830769,0,1,17077,T,A,0,4762250000000,7,0,13630,8568600
1704292204831268489,1704292204830830769,0,1,17077,T,A,0,4762250000000,3,0,13870,8568601
1704292204831268489,1704292204830830769,0,1,17077,T,A,0,4762250000000,8,0,13870,8568601
1704292204831268489,1704292204830830769,0,1,17077,T,A,0,4762250000000,1,0,13870,8568601
1704292204831276117,1704292204830830769,0,1,17077,T,A,0,4762250000000,1,0,13882,8568602
1704292204831276117,1704292204830830769,0,1,17077,T,A,0,4762250000000,2,0,13882,8568602
1704292204831283541,1704292204830830769,0,1,17077,T,A,0,4762250000000,1,0,14105,8568603
1704292204831283541,1704292204830830769,0,1,17077,T,A,0,4762250000000,1,0,14105,8568603
1704292204837527660,1704292204837312925,0,1,17077,T,A,0,4762250000000,4,0,15472,8568642
1704292204839100164,1704292204838909629,0,1,17077,T,B,0,4762500000000,1,0,15719,8568650
1704292204839574609,1704292204839393525,0,1,17077,T,A,0,4762250000000,1,0,15467,8568655
1704292204879104705,1704292204878908075,0,1,17077,T,A,0,4762250000000,1,0,15424,8568674
1704292204896243830,1704292204896010149,0,1,17077,T,A,0,4762250000000,3,0,15492,8568682
1704292204901076982,1704292204900874003,0,1,17077,T,A,0,4762250000000,2,0,15971,8568691
1704292204969530926,1704292204969340943,0,1,17077,T,A,0,4762250000000,2,0,15657,8568731
1704292205006476450,1704292205006286911,0,1,17077,T,A,0,4762250000000,4,0,15733,8568769
1704292205009822268,1704292205009632179,0,1,17077,T,B,0,4762500000000,1,0,15502,8568776
1704292205021340348,1704292205021153815,0,1,17077,T,B,0,4762500000000,3,0,15756,8568790
1704292205096082312,1704292205095864113,0,1,17077,T,B,0,4762500000000,3,0,15623,8568830
1704292205101680291,1704292205101500051,0,1,17077,T,A,0,4762250000000,1,0,15771,8568837
1704292205105906640,1704292205105721145,0,1,17077,T,A,0,4762250000000,1,0,15554,8568847
1704292205117949467,1704292205117737639,0,1,17077,T,A,0,4762250000000,3,0,15603,8568854
1704292205125336398,1704292205125108537,0,1,17077,T,B,0,4762500000000,12,0,15523,8568862
1704292205140874363,1704292205140695489,0,1,17077,T,B,0,4762500000000,1,0,15251,8568875
1704292205143058656,1704292205142883357,0,1,17077,T,B,0,4762500000000,1,0,16326,8568878
1704292205166980621,1704292205166812971,0,1,17077,T,A,0,4762250000000,2,0,15668,8568886
1704292205192964791,1704292205192769827,0,1,17077,T,B,0,4762500000000,1,0,15708,8568896
1704292205196025756,1704292205195847133,0,1,17077,T,B,0,4762500000000,1,0,15367,8568898
1704292205234012666,1704292205233820603,0,1,17077,T,A,0,4762250000000,4,0,15602,8568910
1704292205250129808,1704292205249951485,0,1,17077,T,A,0,4762250000000,2,0,15549,8568916
1704292205311255609,1704292205310833357,0,1,17077,T,B,0,4762500000000,60,0,17671,8568931
1704292205311505811,1704292205310837009,0,1,17077,T,B,0,4762500000000,4,0,15812,8568935
1704292205312038264,1704292205311310263,0,1,17077,T,A,0,4762500000000,6,0,15904,8568953
1704292205312076003,1704292205311310443,0,1,17077,T,A,0,4762500000000,2,0,14842,8568954
1704292205312141281,1704292205311368343,0,1,17077,T,A,0,4762500000000,1,0,16451,8568956
1704292205320761903,1704292205320550993,0,1,17077,T,B,0,4762750000000,1,0,15213,8568978
1704292205359209309,1704292205359013399,0,1,17077,T,A,0,4762500000000,5,0,17083,8569037
1704292205374338020,1704292205374143039,0,1,17077,T,A,0,4762500000000,1,0,15962,8569059
1704292205386429055,1704292205386237385,0,1,17077,T,A,0,4762500000000,1,0,15968,8569070
1704292205411829645,1704292205411634185,0,1,17077,T,A,0,4762500000000,1,0,16548,8569083
1704292205412064144,1704292205411886405,0,1,17077,T,A,0,4762500000000,1,0,15564,8569086
1704292205424884307,1704292205424445811,0,1,17077,T,A,0,4762500000000,58,0,16970,8569100
1704292205443066036,1704292205442854515,0,1,17077,T,A,0,4762250000000,2,0,15860,8569199
1704292205449509711,1704292205449325209,0,1,17077,T,A,0,4762250000000,2,0,15625,8569206
1704292205523198553,1704292205522972029,0,1,17077,T,B,0,4762500000000,4,0,15629,8569271
1704292205523592990,1704292205523204845,0,1,17077,T,B,0,4762500000000,24,0,16038,8569278
1704292205523716911,1704292205523205023,0,1,17077,T,B,0,4762500000000,2,0,19969,8569279
1704292205523716911,1704292205523205199,0,1,17077,T,B,0,4762500000000,1,0,19969,8569279
1704292205523822298,1704292205523220601,0,1,17077,T,B,0,4762500000000,4,0,17731,8569280
1704292205523822298,1704292205523220787,0,1,17077,T,B,0,4762500000000,4,0,17731,8569280
1704292205523853724,1704292205523220979,0,1,17077,T,B,0,4762500000000,1,0,13822,8569281
1704292205523902480,1704292205523427901,0,1,17077,T,B,0,4762500000000,1,0,15145,8569282
1704292205524281677,1704292205523929497,0,1,17077,T,A,0,4762500000000,1,0,15537,8569300
1704292205533994442,1704292205533762971,0,1,17077,T,A,0,4762500000000,8,0,15918,8569341
1704292205537051183,1704292205536853941,0,1,17077,T,A,0,4762500000000,1,0,15635,8569345
1704292205542151857,1704292205541948095,0,1,17077,T,A,0,4762500000000,7,0,15655,8569350
1704292205550702762,1704292205550514877,0,1,17077,T,A,0,4762500000000,1,0,15833,8569361
1704292205559598964,1704292205559429755,0,1,17077,T,A,0,4762500000000,1,0,15604,8569364
1704292205559746374,1704292205559590007,0,1,17077,T,A,0,4762500000000,1,0,15612,8569366
1704292205559786176,1704292205559613437,0,1,17077,T,A,0,4762500000000,1,0,13780,8569367
1704292205564718536,1704292205564527051,0,1,17077,T,A,0,4762500000000,1,0,15966,8569380
1704292205574931699,1704292205574738911,0,1,17077,T,A,0,4762500000000,1,0,15892,8569419
1704292205578380298,1704292205578204869,0,1,17077,T,A,0,4762500000000,1,0,16476,8569433
1704292205608984340,1704292205608768259,0,1,17077,T,A,0,4762500000000,1,0,16510,8569481
1704292205618206304,1704292205617835193,0,1,17077,T,A,0,4762500000000,23,0,16379,8569511
1704292205652201866,1704292205651978877,0,1,17077,T,A,0,4762500000000,1,0,15749,8569558
1704292205681224051,1704292205681016565,0,1,17077,T,B,0,4762750000000,1,0,16723,8569578
1704292205687036750,1704292205686792275,0,1,17077,T,B,0,4762750000000,7,0,16743,8569594
1704292205687527425,1704292205687316805,0,1,17077,T,B,0,4762750000000,3,0,13554,8569597
1704292205687577594,1704292205687322017,0,1,17077,T,B,0,4762750000000,2,0,17642,8569598
1704292205687731128,1704292205687516295,0,1,17077,T,B,0,4762750000000,1,0,15407,8569600
1704292205687793908,1704292205687516487,0,1,17077,T,B,0,4762750000000,5,0,15335,8569601
1704292205687824872,1704292205687516673,0,1,17077,T,B,0,4762750000000,1,0,15779,8569602
1704292205688065305,1704292205687517051,0,1,17077,T,B,0,4762750000000,37,0,16095,8569603
1704292205696540366,1704292205696315073,0,1,17077,T,A,0,4762750000000,2,0,16361,8569671
1704292205705436595,1704292205705246015,0,1,17077,T,A,0,4762750000000,1,0,15895,8569698
1704292205734425868,1704292205734233245,0,1,17077,T,A,0,4762750000000,1,0,16830,8569736
1704292205739874604,1704292205739678945,0,1,17077,T,A,0,4762750000000,1,0,15995,8569742
1704292205743142309,1704292205742944721,0,1,17077,T,A,0,4762750000000,2,0,15841,8569753
1704292205743172362,1704292205742944899,0,1,17077,T,A,0,4762750000000,1,0,13879,8569754
1704292205743320561,1704292205743152027,0,1,17077,T,A,0,4762750000000,1,0,15368,8569755
1704292205752119973,1704292205751924789,0,1,17077,T,A,0,4762750000000,1,0,15659,8569772
1704292205762266196,1704292205762046819,0,1,17077,T,A,0,4762750000000,3,0,15754,8569799
1704292205762611048,1704292205762420933,0,1,17077,T,B,0,4762750000000,1,0,15703,8569811
1704292205762686515,1704292205762466467,0,1,17077,T,B,0,4762750000000,1,0,16054,8569812
1704292205762908885,1704292205762703565,0,1,17077,T,B,0,4762750000000,1,0,15717,8569815
1704292205762963170,1704292205762753771,0,1,17077,T,B,0,4762750000000,1,0,15134,8569816
1704292205770514589,1704292205770295757,0,1,17077,T,B,0,4762750000000,6,0,17606,8569825
1704292205802822725,1704292205802630901,0,1,17077,T,A,0,4762750000000,2,0,15908,8569896
1704292205870935950,1704292205870722923,0,1,17077,T,A,0,4762750000000,1,0,15747,8569969
1704292205872668279,1704292205872466707,0,1,17077,T,A,0,4762750000000,1,0,16560,8569971
1704292205872796224,1704292205872618699,0,1,17077,T,A,0,4762750000000,1,0,15398,8569973
1704292205873018533,1704292205872833441,0,1,17077,T,A,0,4762750000000,2,0,15648,8569975
1704292205900006328,1704292205899815791,0,1,17077,T,A,0,4762750000000,1,0,15906,8569985
1704292205904645151,1704292205904461257,0,1,17077,T,A,0,4762750000000,1,0,15988,8569995
1704292205905290062,1704292205905120393,0,1,17077,T,A,0,4762750000000,1,0,15451,8569997
1704292205915084898,1704292205914900703,0,1,17077,T,A,0,4762750000000,1,0,15628,8570006
1704292205925087663,1704292205924910671,0,1,17077,T,A,0,4762750000000,1,0,15857,8570020
1704292205932814816,1704292205932623177,0,1,17077,T,A,0,4762750000000,1,0,16062,8570024
1704292205935112381,1704292205934927645,0,1,17077,T,A,0,4762750000000,1,0,16100,8570026
1704292205945131969,1704292205944943597,0,1,17077,T,A,0,4762750000000,2,0,17180,8570037
1704292205957770776,1704292205957596743,0,1,17077,T,A,0,4762750000000,1,0,15557,8570044
1704292205968119242,1704292205967930737,0,1,17077,T,A,0,4762750000000,1,0,15629,8570058
1704292205968418635,1704292205968251173,0,1,17077,T,A,0,4762750000000,1,0,15610,8570060
1704292205973116157,1704292205972956299,0,1,17077,T,A,0,4762750000000,1,0,15797,8570067
1704292205983146722,1704292205982969609,0,1,17077,T,A,0,4762750000000,1,0,15587,8570071
1704292205983813398,1704292205983639325,0,1,17077,T,A,0,4762750000000,2,0,16218,8570073
1704292205984063768,1704292205983911261,0,1,17077,T,A,0,4762750000000,1,0,16977,8570075
1704292205984083065,1704292205983934757,0,1,17077,T,A,0,4762750000000,2,0,14091,8570076
1704292205984255947,1704292205984096075,0,1,17077,T,A,0,4762750000000,5,0,16214,8570077
1704292205985502203,1704292205985257315,0,1,17077,T,B,0,4763000000000,15,0,16047,8570086
1704292205985511132,1704292205985257315,0,1,17077,T,B,0,4763000000000,1,0,13736,8570087
1704292206013027132,1704292206012761991,0,1,17077,T,A,0,4762750000000,6,0,16133,8570122
1704292206017606971,1704292206017412307,0,1,17077,T,A,0,4762750000000,1,0,16641,8570130
1704292206018175652,1704292206017994845,0,1,17077,T,A,0,4762750000000,4,0,15550,8570132
1704292206023586926,1704292206023392233,0,1,17077,T,A,0,4762750000000,2,0,15802,8570153
1704292206023920136,1704292206023692765,0,1,17077,T,A,0,4762750000000,3,0,16163,8570158
1704292206024206801,1704292206024017425,0,1,17077,T,B,0,4762750000000,1,0,15354,8570167
1704292206024380727,1704292206024045829,0,1,17077,T,B,0,4762750000000,23,0,15635,8570169
1704292206024588327,1704292206024371243,0,1,17077,T,B,0,4762750000000,1,0,15528,8570172
1704292206024715888,1704292206024408657,0,1,17077,T,A,0,4762750000000,1,0,15539,8570174
1704292206030425583,1704292206030228469,0,1,17077,T,A,0,4762750000000,1,0,16829,8570208
1704292206060572442,1704292206060374229,0,1,17077,T,A,0,4762750000000,3,0,16740,8570221
1704292206089552165,1704292206089365493,0,1,17077,T,A,0,4762750000000,2,0,15542,8570261
1704292206089654158,1704292206089472385,0,1,17077,T,A,0,4762750000000,2,0,15388,8570263
1704292206089817532,1704292206089634085,0,1,17077,T,A,0,4762750000000,2,0,15545,8570268
1704292206089946920,1704292206089787343,0,1,17077,T,A,0,4762750000000,1,0,15790,8570270
1704292206090221013,1704292206090010263,0,1,17077,T,A,0,4762750000000,4,0,18557,8570273
1704292206090330606,1704292206090160359,0,1,17077,T,A,0,4762750000000,1,0,15455,8570276
1704292206090366926,1704292206090160603,0,1,17077,T,A,0,4762750000000,1,0,14987,8570277
1704292206090731352,1704292206090538575,0,1,17077,T,B,0,4762750000000,6,0,15628,8570289
1704292206118728757,1704292206118539485,0,1,17077,T,B,0,4762750000000,1,0,15770,8570327
1704292206121700842,1704292206121535211,0,1,17077,T,B,0,4762750000000,4,0,15493,8570329
1704292206177051735,1704292206176843077,0,1,17077,T,A,0,4762500000000,1,0,15656,8570393
1704292206191581112,1704292206191377951,0,1,17077,T,A,0,4762500000000,4,0,16362,8570400
1704292206200735821,1704292206200546865,0,1,17077,T,A,0,4762500000000,1,0,15614,8570406
1704292206244002215,1704292206243799619,0,1,17077,T,A,0,4762500000000,1,0,15944,8570429
1704292206267058284,1704292206266598985,0,1,17077,T,B,0,4762750000000,26,0,16077,8570461
1704292206278460392,1704292206278241631,0,1,17077,T,B,0,4763000000000,1,0,15491,8570528
1704292206278627381,1704292206278448553,0,1,17077,T,B,0,4763000000000,1,0,15368,8570530
1704292206288673453,1704292206288476545,0,1,17077,T,B,0,4763000000000,1,0,16789,8570549
1704292206296476457,1704292206296285917,0,1,17077,T,A,0,4762750000000,1,0,15791,8570557
1704292206367425934,1704292206367191819,0,1,17077,T,A,0,4762750000000,4,0,15780,8570630
1704292206382377456,1704292206382174307,0,1,17077,T,A,0,4762750000000,2,0,15752,8570639
1704292206443273330,1704292206443046103,0,1,17077,T,A,0,4762750000000,2,0,15551,8570719
1704292206445759505,1704292206445561403,0,1,17077,T,A,0,4762750000000,1,0,16138,8570723
1704292206475976264,1704292206475800895,0,1,17077,T,B,0,4763000000000,1,0,15723,8570742
1704292206571259207,1704292206571028839,0,1,17077,T,A,0,4762750000000,1,0,16150,8570783
1704292206571898952,1704292206571706555,0,1,17077,T,A,0,4762750000000,1,0,15331,8570788
1704292206594564031,1704292206594330239,0,1,17077,T,A,0,4762750000000,4,0,15643,8570796
1704292206690914685,1704292206690710355,0,1,17077,T,B,0,4763000000000,1,0,16262,8570833
1704292206700564022,1704292206700361471,0,1,17077,T,A,0,4762750000000,1,0,16608,8570842
1704292206762932940,1704292206762526789,0,1,17077,T,A,0,4762750000000,39,0,16512,8570865
1704292206763526709,1704292206763044949,0,1,17077,T,B,0,4762750000000,1,0,17077,8570912
1704292206855101874,1704292206854903819,0,1,17077,T,A,0,4762500000000,1,0,15541,8570962
1704292206863329458,1704292206863102675,0,1,17077,T,A,0,4762500000000,4,0,15396,8570975
1704292206867209807,1704292206866967999,0,1,17077,T,A,0,4762500000000,4,0,16081,8570989
1704292206963776690,1704292206963543319,0,1,17077,T,B,0,4762750000000,4,0,15688,8571055
1704292206979155655,1704292206978908981,0,1,17077,T,A,0,4762500000000,3,0,15525,8571080
1704292206997617374,1704292206997368453,0,1,17077,T,A,0,4762500000000,4,0,15781,8571091
1704292207005854710,1704292207005633447,0,1,17077,T,A,0,4762500000000,1,0,15564,8571106
1704292207024490789,1704292207024282709,0,1,17077,T,A,0,4762500000000,2,0,15664,8571136
1704292207068847919,1704292207068630879,0,1,17077,T,A,0,4762500000000,1,0,15498,8571150
1704292207072344730,1704292207072153777,0,1,17077,T,A,0,4762500000000,1,0,17972,8571156
1704292207172695765,1704292207172442365,0,1,17077,T,B,0,4762750000000,12,0,15466,8571198
1704292207186712681,1704292207186519543,0,1,17077,T,B,0,4762750000000,1,0,15368,8571223
1704292207363561794,1704292207362308527,0,1,17077,T,B,0,4762750000000,5,0,15775,8571280
1704292207363791143,1704292207363491311,0,1,17077,T,B,0,4762750000000,6,0,15528,8571282
1704292207363910604,1704292207363491487,0,1,17077,T,B,0,4762750000000,3,0,19865,8571283
1704292207363910604,1704292207363491667,0,1,17077,T,B,0,4762750000000,1,0,19865,8571283
1704292207363910604,1704292207363491843,0,1,17077,T,B,0,4762750000000,3,0,19865,8571283
1704292207363910604,1704292207363492021,0,1,17077,T,B,0,4762750000000,3,0,19865,8571283
1704292207363989301,1704292207363492197,0,1,17077,T,B,0,4762750000000,2,0,18220,8571284
1704292207363989301,1704292207363492377,0,1,17077,T,B,0,4762750000000,2,0,18220,8571284
1704292207364793004,1704292207363502275,0,1,17077,T,B,0,4762750000000,1,0,15783,8571286
1704292207364853915,1704292207363505045,0,1,17077,T,B,0,4762750000000,5,0,15376,8571287
1704292207364893430,1704292207363505399,0,1,17077,T,B,0,4762750000000,1,0,15982,8571288
1704292207364976944,1704292207363505613,0,1,17077,T,B,0,4762750000000,9,0,16461,8571289
1704292207365076776,1704292207363820381,0,1,17077,T,A,0,4762750000000,2,0,14549,8571291
1704292207365496920,1704292207363972501,0,1,17077,T,B,0,4762750000000,2,0,15385,8571296
1704292207365528305,1704292207363972679,0,1,17077,T,B,0,4762750000000,1,0,14809,8571297
1704292207366095399,1704292207364801657,0,1,17077,T,B,0,4762750000000,1,0,15462,8571302
1704292207366177690,1704292207364860613,0,1,17077,T,B,0,4762750000000,8,0,15827,8571303
1704292207366658782,1704292207364906033,0,1,17077,T,B,0,4762750000000,1,0,15358,8571306
1704292207366860796,1704292207365086945,0,1,17077,T,B,0,4762750000000,1,0,14828,8571312
1704292207366946374,1704292207365414747,0,1,17077,T,A,0,4762750000000,1,0,16112,8571314
1704292207375210223,1704292207374999407,0,1,17077,T,B,0,4763000000000,1,0,16640,8571354
1704292207376691159,1704292207376492795,0,1,17077,T,B,0,4763000000000,1,0,15711,8571380
1704292207382004486,1704292207381804579,0,1,17077,T,A,0,4762750000000,1,0,15664,8571389
1704292207399242296,1704292207399037869,0,1,17077,T,A,0,4762750000000,1,0,15480,8571414
1704292207467624383,1704292207467414359,0,1,17077,T,A,0,4762750000000,4,0,15574,8571446
1704292207467653234,1704292207467455741,0,1,17077,T,A,0,4762750000000,1,0,13874,8571447
1704292207468460146,1704292207468233617,0,1,17077,T,A,0,4762750000000,3,0,15512,8571455
1704292207495242038,1704292207495048853,0,1,17077,T,A,0,4762750000000,1,0,18837,8571465
1704292207570270488,1704292207570022333,0,1,17077,T,A,0,4762750000000,4,0,15884,8571511
1704292207573608600,1704292207573388701,0,1,17077,T,A,0,4762750000000,4,0,15429,8571521
1704292207725285370,1704292207725065841,0,1,17077,T,B,0,4763000000000,1,0,15545,8571628
1704292207725474523,1704292207725321837,0,1,17077,T,B,0,4763000000000,1,0,15573,8571630
1704292207725637677,1704292207725482719,0,1,17077,T,B,0,4763000000000,7,0,15515,8571632
1704292207725971214,1704292207725640635,0,1,17077,T,B,0,4763000000000,63,0,16447,8571634
1704292207726049629,1704292207725825325,0,1,17077,T,B,0,4763000000000,3,0,13489,8571636
